@misc{androidkeystore,
	author = {{Android Open Source Project}},
	title = {Hardware-backed Keystore},
	howpublished = {\url{https://source.android.com/security/keystore/}},
	COMMENTEDnote = {Accessed: 2019-08-29}
}

@misc{asylo,
	author = {Google},
	title = {Asylo},
	howpublished = {\url{https://asylo.dev/}},
	COMMENTEDnote = {Accessed: 2019-08-28},
	shorthand={Asy},
}

@misc{Bitlocker,
	author = {Microsoft},
	title = {{BitLocker}},
	COMMENTEDyear = {2018},
	howpublished = {\url{https://docs.microsoft.com/en-us/windows/security/information-protection/bitlocker/bitlocker-overview}},
	note = {Accessed: 2019-05-20},
	shorthand={Bit}
}


@misc{ibmswtpm,
	Author = {IBM},
	Title = {{IBM}'s Software Trusted Platform Module},
	howpublished = {\url{http://ibmswtpm.sourceforge.net/}}
}

@techreport{intel64b,
	author 			= {{Intel}},
	title      		= {{Intel 64 and IA-32 Architectures Software Developerâ€™s Manual, Combined Volumes: 1, 2A, 2B, 2C, 2D, 3A, 3B, 3C, 3D and 4}},
	month			= {5},
	year			= {2019},
	number			= {325462-070US},
	institution 	= {Intel Inc.},
}

@misc{mstpm2sim,
	Author = {Microsoft},
	Title = {{TSS.MSR} v1.1 {TPM2} Simulator},
	howpublished = {\url{http://research.microsoft.com/en-US/downloads/35116857-e544-4003-8e7b-584182dc6833/default.aspx}}
}

@misc{mstssmsr11,
	Author = {Microsoft},
	Title = {The {TPM} Software Stack from {Microsoft} Research},
	howpublished = {\url{https://tpm2lib.codeplex.com/}}
}

@manual{MTM1.0spec,
	author = {{Trusted Computing Group}},
	title = {{TCG Mobile Trusted Module Specification, Specification Version 1.0, Revision 7.02}},
	year = {2010},
	month = {4},
	shorthand={MTM10}
}

@misc{netflixprize,
	author = {Netflix},
	title = {Netflix Prize},
	howpublished = {\url{https://www.netflixprize.com/}},
	note = {(visited on: 2019-02-07)}
}

@misc{openenclave,
	author = {Microsoft},
	title = {Open Enclave},
	howpublished = {\url{https://openenclave.io/}},
	note = {Accessed: 2019-08-28},
	shorthand = {OpE},
}

@techreport{rfc8446,
	author = {E. Rescorla},
	title = {The Transport Layer Security (TLS) Protocol Version 1.3},
	howpublished = {Internet Requests for Comments},
	type = {RFC},
	number = {8446},
	year = {2018},
	month = {8},
	issn = {2070-1721},
	publisher = {RFC Editor},
	institution = {RFC Editor},
	shorthand = {RFC8446},
}

@manual{TCGglossary,
	author = {{Trusted Computing Group}},
	title = {{TCG Glossary, Version 1.1, Revision 1.00}},
	year={2017},
	month={5}
}

@manual{TPM1.1bspec,
	AUTHOR = {{Trusted Computing Group}},
	title={{Trusted Computing Platform Alliance (TCPA) Main Specification Version 1.1b}},
	year={2002},
	month={2},
	shorthand={TPM11}
}

@manual{TPM1.2spec,
	author = {{Trusted Computing Group}},
	title = {{TPM Main, Part 1--3, Specification 1.2, Revision 116}},
	year = {2011},
	month = {3},
	shorthand={TPM12}
}

@manual{TPM2.0r07,
	AUTHOR = {{Trusted Computing Group}},
	TITLE = {Trusted Platform Module Library Specification, Family "2.0", Level 00, Revision 01.07},
	YEAR = {2014},
	MONTH = {3},
	shorthand={TPM20a}
}

@manual{TPM2.0r16,
	AUTHOR = {{Trusted Computing Group}},
	TITLE = {Trusted Platform Module Library Specification, Family "2.0", Level 00, Revision 01.16},
	YEAR = {2014},
	MONTH = {10},
	shorthand={TPM20b}
}

@manual{TPM2.0r38,
	AUTHOR = {{Trusted Computing Group}},
	TITLE = {Trusted Platform Module Library, Part 1--4, Family 2.0, Level 00 Revision 01.38},
	YEAR = {2016},
	MONTH = {9},
	shorthand={TPM20c}
}

@techreport{TXT-mle,
	author = {Intel},
	title = {Intel Trusted Execution Technology (Intel TXT) Software Development Guide},
	number = {315168-015},
	institution = {Intel Corporation},
	year = {2017},
	month = {11},
	shorthand = {TXT}
}

@book{aggarwal:2016,
	author = {Aggarwal, Charu C.},
	title = {Recommender Systems},
	publisher = {Springer},
	year = {2016},
}

@inproceedings{anati:2013,
	title			=	{{Innovative technology for CPU based attestation and sealing}},
	author			=	{Anati, Ittai and Gueron, Shay and Johnson, Simon and Scarlata, Vincent},
	booktitle		=	{Proc. 2nd International Workshop on Hardware and Architectural Support for Security and Privacy},
	series			=	{HASP '13},
	pages			=	{10},	
	year				=	{2013},
	isbn 			= 	{978-1-4503-2118-1},
	location 		= 	{Tel-Aviv, Israel},
	publisher 		= 	{ACM},
	month			=	{6}
}

@inproceedings{arnautov:2016,
	author 			= {Arnautov, Sergei and Trach, Bohdan and Gregor, Franz and Knauth, Thomas and Martin, Andre and Priebe, Christian and Lind, Joshua and Muthukumaran, Divya and O'Keeffe, Dan and Stillwell, Mark L. and Goltzsche, David and Eyers, David and Kapitza, R\"{u}diger and Pietzuch, Peter and Fetzer, Christof},
	title 			= {{SCONE: Secure Linux Containers with Intel SGX}},
	booktitle 		= {Proc. 12th USENIX Conference on Operating Systems Design and Implementation},
	series 			= {OSDI'16},
	month			= {11},
	year 			= {2016},
	isbn 			= {978-1-931971-33-1},
	location 		= {Savannah, GA, USA},
	pages 			= {689--703},
	numpages 		= {15},
	acmid 			= {3026930},
	publisher 		= {USENIX},
}

@book{arthur:2015,
	title = {A Practical Guide to TPM 2.0},
	author = {Arthur, Will and Challener, David and Goldman, Kenneth},
	year = {2015},
	publisher = {Apress}
}

@InProceedings{bahmani:2017,
	author="Bahmani, Raad
	and Barbosa, Manuel
	and Brasser, Ferdinand
	and Portela, Bernardo
	and Sadeghi, Ahmad-Reza
	and Scerri, Guillaume
	and Warinschi, Bogdan",
	editor="Kiayias, Aggelos",
	title="Secure Multiparty Computation from SGX",
	booktitle="Financial Cryptography and Data Security",
	year="2017",
	publisher="Springer International Publishing",
	address="Cham",
	pages="477--497",
	isbn="978-3-319-70972-7"
}

@article{baumann:2015,
	author = {Baumann, Andrew and Peinado, Marcus and Hunt, Galen},
	title = {Shielding Applications from an Untrusted Cloud with Haven},
	journal = {ACM Trans. Comput. Syst.},
	issue_date = {September 2015},
	volume = {33},
	number = {3},
	month = 8,
	year = {2015},
	issn = {0734-2071},
	pages = {8:1--8:26},
	articleno = {8},
	numpages = {26},
	url = {http://doi.acm.org/10.1145/2799647},
	doi = {10.1145/2799647},
	acmid = {2799647},
	publisher = {ACM},
	address = {New York, NY, USA},
}

@techreport{boivie:2013,
	title = {SecureBlue++: CPU support for secure executables},
	author = {R. Boivie and P. Williams},
	institution = {IBM},
	number = {RC25287},
	year = {2013},
}

@InProceedings{boneh:2011,
	author="Boneh, Dan
	and Sahai, Amit
	and Waters, Brent",
	editor="Ishai, Yuval",
	title="Functional Encryption: Definitions and Challenges",
	booktitle="Theory of Cryptography",
	year="2011",
	publisher="Springer Berlin Heidelberg",
	address="Berlin, Heidelberg",
	pages="253--273",
	isbn="978-3-642-19571-6"
}

@inproceedings{brasser:2017,
	author = {Ferdinand Brasser and Urs M{\"u}ller and Alexandra Dmitrienko and Kari Kostiainen and Srdjan Capkun and Ahmad-Reza Sadeghi},
	title = {Software Grand Exposure: {SGX} Cache Attacks Are Practical},
	booktitle = {11th {USENIX} Workshop on Offensive Technologies ({WOOT} 17)},
	year = {2017},
	address = {Vancouver, BC},
	url = {https://www.usenix.org/conference/woot17/workshop-program/presentation/brasser},
	publisher = {{USENIX} Association},
	month = {8},
}

@INPROCEEDINGS{brickell:2010,
	author={E. {Brickell} and J. {Li}},
	booktitle={2010 IEEE Second International Conference on Social Computing},
	title={Enhanced Privacy ID from Bilinear Pairing for Hardware Authentication and Attestation},
	year={2010},
	volume={},
	number={},
	pages={768-775},
	keywords={data privacy;private key cryptography;enhanced privacy ID;cryptographic scheme;bilinear pairing;hardware authentication;hardware attestation;corrupted private key;revocation manager;decisional Diffie-Hellman assumption;Hardware;Protocols;Privacy;Games;Authentication;Public key;hardware authentication;trusted computing;privacy;anonymity;direct anonymous attestation;cryptographic protocol},
	doi={10.1109/SocialCom.2010.118},
	ISSN={},
	month={8},
}

@article{burke:2002,
	author="Burke, Robin",
	title="Hybrid Recommender Systems: Survey and Experiments",
	journal="User Modeling and User-Adapted Interaction",
	year="2002",
	month="11",
	volume="12",
	number="4",
	pages="331--370",
	issn="1573-1391",
	doi="10.1023/A:1021240730564",
	url="https://doi.org/10.1023/A:1021240730564"
}

@INPROCEEDINGS{calandrino:2011,
	author={J. A. {Calandrino} and A. {Kilzer} and A. {Narayanan} and E. W. {Felten} and V. {Shmatikov}},
	booktitle={2011 IEEE Symposium on Security and Privacy},
	title={`You Might Also Like:' Privacy Risks of Collaborative Filtering},
	year={2011},
	volume={},
	number={},
	pages={231-246},
	doi={10.1109/SP.2011.40},
	ISSN={2375-1207},
	month={5}
}

@inproceedings{canny:2002,
	author = {Canny, John},
	title = {Collaborative Filtering with Privacy via Factor Analysis},
	booktitle = {Proceedings of the 25th Annual International ACM SIGIR Conference on Research and Development in Information Retrieval},
	series = {SIGIR '02},
	year = {2002},
	isbn = {1-58113-561-0},
	location = {Tampere, Finland},
	pages = {238--245},
	numpages = {8},
	url = {http://doi.acm.org/10.1145/564376.564419},
	doi = {10.1145/564376.564419},
	acmid = {564419},
	publisher = {ACM},
	address = {New York, NY, USA},
}

@article{casado:2014,
	author = {Casado, Martin and Foster, Nate and Guha, Arjun},
	title = {Abstractions for Software-defined Networks},
	journal = {Commun. ACM},
	issue_date = {October 2014},
	volume = {57},
	number = {10},
	month = 9,
	year = {2014},
	issn = {0001-0782},
	pages = {86--95},
	numpages = {10},
	url = {http://doi.acm.org/10.1145/2661061.2661063},
	doi = {10.1145/2661061.2661063},
	acmid = {2661063},
	publisher = {ACM},
	address = {New York, NY, USA},
}

@article{castroschez:2011,
	title = "A highly adaptive recommender system based on fuzzy logic for B2C e-commerce portals",
	journal = "Expert Systems with Applications",
	volume = "38",
	number = "3",
	pages = "2441 - 2454",
	year = "2011",
	issn = "0957-4174",
	doi = "https://doi.org/10.1016/j.eswa.2010.08.033",
	url = "http://www.sciencedirect.com/science/article/pii/S095741741000816X",
	author = "Jose Jesus Castro-Schez and Raul Miguel and David Vallejo and Lorenzo Manuel LÃ³pez-LÃ³pez",
	keywords = "e-Commerce, C2C, B2C, Product selection, Recommender system, Supervised learning, Fuzzy logic, Rule-based knowledge learning",
}

@INPROCEEDINGS{champagne:2010,
	author={D. {Champagne} and R. B. {Lee}},
	booktitle={HPCA - 16 2010 The Sixteenth International Symposium on High-Performance Computer Architecture},
	title={Scalable architectural support for trusted software},
	year={2010},
	volume={},
	number={},
	pages={1-12},
	doi={10.1109/HPCA.2010.5416657},
	ISSN={2378-203X},
	month={1},
}

@InProceedings{chandra:2017,
	author="Chandra, Swarup
	and Karande, Vishal
	and Lin, Zhiqiang
	and Khan, Latifur
	and Kantarcioglu, Murat
	and Thuraisingham, Bhavani",
	title="Securing Data Analytics on SGX with Randomization",
	booktitle="Computer Security -- ESORICS 2017",
	year="2017",
	publisher="Springer International Publishing",
	address="Cham",
	pages="352--369",
	isbn="978-3-319-66402-6"
}

@article{coker:2011,
	author		=	{Coker, George and Guttman, Joshua and Loscocco, Peter and Herzog, Amy and Millen, Jonathan and O'Hanlon, Brian and Ramsdell, John and Segall, Ariel and Sheehy, Justin and Sniffen, Brian},
	title		=	{{Principles of remote attestation}},
	journal	=   {{International Journal of Information Security}},
	volume		=	{10},
	number		=	{2},
	month		= 	{4}, 
	year		=	{2011}, 
	pages		=	{63--81},
}

@inproceedings{costan:2016b,
	author = {Victor Costan and Ilia Lebedev and Srinivas Devadas},
	title = {Sanctum: Minimal Hardware Extensions for Strong Software Isolation},
	booktitle = {25th {USENIX} Security Symposium ({USENIX} Security 16)},
	year = {2016},
	isbn = {978-1-931971-32-4},
	address = {Austin, TX},
	pages = {857--874},
	url = {https://www.usenix.org/conference/usenixsecurity16/technical-sessions/presentation/costan},
	publisher = {{USENIX} Association},
	month = 8,
}

@misc{costan:2016,
	author = {Victor Costan and Srinivas Devadas},
	title = {Intel SGX Explained},
	howpublished = {Cryptology ePrint Archive, Report 2016/086},
	year = {2016},
	note = {\url{https://eprint.iacr.org/2016/086}},
}

@inproceedings{danev:2011,
	author = {Danev, Boris and Masti, Ramya Jayaram and Karame, Ghassan O. and Capkun, Srdjan},
	title = {Enabling Secure VM-vTPM Migration in Private Clouds},
	booktitle = {Proceedings of the 27th Annual Computer Security Applications Conference},
	series = {ACSAC '11},
	year = {2011},
	isbn = {978-1-4503-0672-0},
	location = {Orlando, Florida, USA},
	pages = {187--196},
	numpages = {10},
	url = {http://doi.acm.org/10.1145/2076732.2076759},
	doi = {10.1145/2076732.2076759},
	acmid = {2076759},
	publisher = {ACM},
	address = {New York, NY, USA},
}

@inproceedings{diao:2014,
	author = {Diao, Qiming and Qiu, Minghui and Wu, Chao-Yuan and Smola, Alexander J. and Jiang, Jing and Wang, Chong},
	title = {Jointly Modeling Aspects, Ratings and Sentiments for Movie Recommendation (JMARS)},
	booktitle = {Proceedings of the 20th ACM SIGKDD International Conference on Knowledge Discovery and Data Mining},
	series = {KDD '14},
	year = {2014},
	isbn = {978-1-4503-2956-9},
	location = {New York, New York, USA},
	pages = {193--202},
	numpages = {10},
	url = {http://doi.acm.org/10.1145/2623330.2623758},
	doi = {10.1145/2623330.2623758},
	acmid = {2623758},
	publisher = {ACM},
	address = {New York, NY, USA},
	keywords = {collaborative filtering, integrated modeling, sentiment analysis, topic models},
}

@Inproceedings{dinur:2009,
	author="Dinur, Itai
	and Shamir, Adi",
	title="Cube Attacks on Tweakable Black Box Polynomials",
	bookTitle="Advances in Cryptology - EUROCRYPT 2009: 28th Annual International Conference on the Theory and Applications of Cryptographic Techniques, Cologne, Germany, April 26-30, 2009. Proceedings",
	year="2009",
	publisher="Springer",
	pages="278--299",
	isbn="978-3-642-01001-9",
	doi="10.1007/978-3-642-01001-9_16",
	url="http://dx.doi.org/10.1007/978-3-642-01001-9_16"
}

@inproceedings{dwork:2006,
	author      =   {Dwork, Cynthia and McSherry, Frank and Nissim, Kobbi and Smith, Adam},
	title       =   {{Calibrating Noise to Sensitivity in Private Data Analysis}},
	booktitle   =   {Theory of Cryptography},
	year        =   {2006},
	publisher   =   {Springer Berlin Heidelberg},
	address     =   {Berlin, Heidelberg},
	pages       =   {265--284},
	isbn        =   {978-3-540-32732-5}
}

@ARTICLE{dsilva:2008,
	author={V. {D'Silva} and D. {Kroening} and G. {Weissenbacher}},
	journal={IEEE Transactions on Computer-Aided Design of Integrated Circuits and Systems},
	title={A Survey of Automated Techniques for Formal Software Verification},
	year={2008},
	volume={27},
	number={7},
	pages={1165--1178},
	doi={10.1109/TCAD.2008.923410},
	ISSN={0278-0070},
	month={7}
}

@techreport{ekberg:2007,
	title = {{Mobile Trusted Module (MTM) -- an introduction}},
	author  = {Ekberg, Jan-Erik and KylÃ¤npÃ¤Ã¤, Markku},
	year = {2007},
	month = {11},
	institution = {Nokia Research Center},
	number = {NRC-TR-2007-015},
}

@inproceedings{ekberg:2009,
	author = {Ekberg, Jan-Erik and Bugiel, Sven},
	title = {Trust in a Small Package: Minimized MRTM Software Implementation for Mobile Secure Environments},
	booktitle = {Proceedings of the 2009 ACM Workshop on Scalable Trusted Computing},
	series = {STC '09},
	year = {2009},
	isbn = {978-1-60558-788-2},
	location = {Chicago, Illinois, USA},
	pages = {9--18},
	numpages = {10},
	url = {http://doi.acm.org/10.1145/1655108.1655111},
	doi = {10.1145/1655108.1655111},
	acmid = {1655111},
	publisher = {ACM},
	address = {New York, NY, USA},
}

@InProceedings{englund:2005,
	author="Englund, H{\aa}kan
	and Johansson, Thomas",
	title="A New Simple Technique to Attack Filter Generators and Related Ciphers",
	booktitle="Selected Areas in Cryptography",
	year="2005",
	publisher="Springer Berlin Heidelberg",
	address="Berlin, Heidelberg",
	pages="39--53",
}

@article{farris:2018,
	author         = {Farris, Katheryn A. and Shah, Ankit and Cybenko, George and Ganesan, Rajesh and Jajodia, Sushil},
	title          = {VULCON: A System for Vulnerability Prioritization, Mitigation, and Management},
	journal        = {ACM Trans. Priv. Secur.},
	issue_date     = {October 2018},
	volume         = {21},
	number         = {4},
	month          = {6},
	year           = {2018},
	issn           = {2471-2566},
	pages          = {16:1--16:28},
	articleno      = {16},
	numpages       = {28},
	url            = {http://doi.acm.org/10.1145/3196884},
	doi            = {10.1145/3196884},
	acmid          = {3196884},
	publisher      = {ACM},
	address        = {New York, NY, USA},
	keywords       = {Cyber-security analysts, cyber-security operations center (CSOC), multiobjective optimization, structured vulnerability response programs, vulnerability triage and management},
}

@InProceedings{filiol:2002,
	author="Filiol, Eric",
	title="A New Statistical Testing for Symmetric Ciphers and Hash Functions",
	booktitle="Information and Communications Security",
	year="2002",
	publisher="Springer Berlin Heidelberg",
	pages="342--353",
	isbn="978-3-540-36159-6"
}

@inproceedings{fisch:2017,
	author = {Fisch, Ben and Vinayagamurthy, Dhinakaran and Boneh, Dan and Gorbunov, Sergey},
	title = {IRON: Functional Encryption Using Intel SGX},
	booktitle = {Proceedings of the 2017 ACM SIGSAC Conference on Computer and Communications Security},
	series = {CCS '17},
	year = {2017},
	isbn = {978-1-4503-4946-8},
	location = {Dallas, Texas, USA},
	pages = {765--782},
	numpages = {18},
	url = {http://doi.acm.org/10.1145/3133956.3134106},
	doi = {10.1145/3133956.3134106},
	acmid = {3134106},
	publisher = {ACM},
	address = {New York, NY, USA},
}

@article{gadepally:2016,
	author = {Gadepally, Vijay N. and Hancock, Braden J. and Greenfield, Kara B. and Campbell Jr, Joseph P. andCampbell, William M. and Reuther, Albert I.},
	title = {Recommender Systems for the Department of Defense and the Intelligence Community},
	journal = {Lincoln Laboratory Journal},
	volume = {22},
	number = {1},
	year = {2016},
	pages = {74--89}
}

@inproceedings{gentry:2009,
	author = {Gentry, Craig},
	title = {Fully Homomorphic Encryption Using Ideal Lattices},
	booktitle = {Proceedings of the Forty-first Annual ACM Symposium on Theory of Computing},
	series = {STOC '09},
	year = {2009},
	isbn = {978-1-60558-506-2},
	location = {Bethesda, MD, USA},
	pages = {169--178},
	numpages = {10},
	url = {http://doi.acm.org/10.1145/1536414.1536440},
	doi = {10.1145/1536414.1536440},
	acmid = {1536440},
	publisher = {ACM},
	address = {New York, NY, USA},
}

@INPROCEEDINGS{ghafari:2017,
	author={V. A. {Ghafari} and H. {Hu}},
	booktitle={2017 International Conference on Cyber-Enabled Distributed Computing and Knowledge Discovery (CyberC)},
	title={A New Chosen IV Statistical Attack on Grain-128a Cipher},
	year={2017},
	volume={},
	number={},
	pages={58-62},
	doi={10.1109/CyberC.2017.101},
	ISSN={},
	month={10}
}

@inproceedings{gotzfried:2017,
	author = {G\"{o}tzfried, Johannes and Eckert, Moritz and Schinzel, Sebastian and M\"{u}ller, Tilo},
	title = {Cache Attacks on Intel SGX},
	booktitle = {Proceedings of the 10th European Workshop on Systems Security},
	series = {EuroSec'17},
	year = {2017},
	isbn = {978-1-4503-4935-2},
	location = {Belgrade, Serbia},
	pages = {2:1--2:6},
	articleno = {2},
	numpages = {6},
	url = {http://doi.acm.org/10.1145/3065913.3065915},
	doi = {10.1145/3065913.3065915},
	acmid = {3065915},
	publisher = {ACM},
	address = {New York, NY, USA},
	keywords = {Cache-timing Attacks, Intel SGX, Root-level Attacks},
}

@inproceedings{gruss:2017,
	author = {Daniel Gruss and Julian Lettner and Felix Schuster and Olya Ohrimenko and Istvan Haller and Manuel Costa},
	title = {Strong and Efficient Cache Side-Channel Protection using Hardware Transactional Memory},
	booktitle = {26th {USENIX} Security Symposium ({USENIX} Security 17)},
	year = {2017},
	isbn = {978-1-931971-40-9},
	address = {Vancouver, BC},
	pages = {217--233},
	url = {https://www.usenix.org/conference/usenixsecurity17/technical-sessions/presentation/gruss},
	publisher = {{USENIX} Association},
	month = {8},
}

@article{harper:2015,
	author = {Harper, F. Maxwell and Konstan, Joseph A.},
	title = {The MovieLens Datasets: History and Context},
	journal = {ACM Trans. Interact. Intell. Syst.},
	issue_date = {January 2016},
	volume = {5},
	number = {4},
	month = 12,
	year = {2015},
	issn = {2160-6455},
	pages = {19:1--19:19},
	articleno = {19},
	numpages = {19},
	url = {http://doi.acm.org/10.1145/2827872},
	doi = {10.1145/2827872},
	acmid = {2827872},
	publisher = {ACM},
	address = {New York, NY, USA},
	keywords = {Datasets, MovieLens, ratings, recommendations},
}

@InProceedings{hell:2007,
	author="Hell, Martin
	and Johansson, Thomas",
	title="Cryptanalysis of Achterbahn-Version 2",
	booktitle="Selected Areas in Cryptography",
	year="2007",
	publisher="Springer Berlin Heidelberg",
	address="Berlin, Heidelberg",
	pages="45--55",
	isbn="978-3-540-74462-7"
}

@inproceedings{herlocker:1999,
	author = {Herlocker, Jonathan L. and Konstan, Joseph A. and Borchers, Al and Riedl, John},
	title = {An Algorithmic Framework for Performing Collaborative Filtering},
	booktitle = {Proceedings of the 22Nd Annual International ACM SIGIR Conference on Research and Development in Information Retrieval},
	series = {SIGIR '99},
	year = {1999},
	isbn = {1-58113-096-1},
	location = {Berkeley, California, USA},
	pages = {230--237},
	numpages = {8},
	url = {http://doi.acm.org/10.1145/312624.312682},
	doi = {10.1145/312624.312682},
	acmid = {312682},
	publisher = {ACM},
	address = {New York, NY, USA},
}

@ARTICLE{huang:2007,
	author={Z. {Huang} and D. {Zeng} and H. {Chen}},
	journal={IEEE Intelligent Systems},
	title={A Comparison of Collaborative-Filtering Recommendation Algorithms for E-commerce},
	year={2007},
	volume={22},
	number={5},
	pages={68-78},
	doi={10.1109/MIS.2007.4338497},
	ISSN={1541-1672},
	month={9},
}

@article{hunt:2018,
	author = {Hunt, Tyler and Zhu, Zhiting and Xu, Yuanzhong and Peter, Simon and Witchel, Emmett},
	title = {Ryoan: A Distributed Sandbox for Untrusted Computation on Secret Data},
	journal = {ACM Trans. Comput. Syst.},
	issue_date = {December 2018},
	volume = {35},
	number = {4},
	month = 12,
	year = {2018},
	issn = {0734-2071},
	pages = {13:1--13:32},
	articleno = {13},
	numpages = {32},
	url = {http://doi.acm.org/10.1145/3231594},
	doi = {10.1145/3231594},
	acmid = {3231594},
	publisher = {ACM},
	address = {New York, NY, USA},
}

@article{hunt:2018b,
	author    = {Tyler Hunt and
	Congzheng Song and
	Reza Shokri and
	Vitaly Shmatikov and
	Emmett Witchel},
	title     = {Chiron: Privacy-preserving Machine Learning as a Service},
	journal   = {CoRR},
	volume    = {abs/1803.05961},
	year      = {2018},
	url       = {http://arxiv.org/abs/1803.05961},
	archivePrefix = {arXiv},
	eprint    = {1803.05961},
	timestamp = {Mon, 13 Aug 2018 16:45:59 +0200},
	biburl    = {https://dblp.org/rec/bib/journals/corr/abs-1803-05961},
	bibsource = {dblp computer science bibliography, https://dblp.org}
}

@inproceedings{kaminskas:2013,
	author = {Kaminskas, Marius and Ricci, Francesco and Schedl, Markus},
	title = {Location-aware Music Recommendation Using Auto-tagging and Hybrid Matching},
	booktitle = {Proceedings of the 7th ACM Conference on Recommender Systems},
	series = {RecSys '13},
	year = {2013},
	isbn = {978-1-4503-2409-0},
	location = {Hong Kong, China},
	pages = {17--24},
	numpages = {8},
	url = {http://doi.acm.org/10.1145/2507157.2507180},
	doi = {10.1145/2507157.2507180},
	acmid = {2507180},
	publisher = {ACM},
	address = {New York, NY, USA},
}

@inproceedings{kanonov:2016,
	author = {Kanonov, Uri and Wool, Avishai},
	title = {Secure Containers in Android: The Samsung KNOX Case Study},
	booktitle = {Proceedings of the 6th Workshop on Security and Privacy in Smartphones and Mobile Devices},
	series = {SPSM '16},
	year = {2016},
	isbn = {978-1-4503-4564-4},
	location = {Vienna, Austria},
	pages = {3--12},
	numpages = {10},
	url = {http://doi.acm.org/10.1145/2994459.2994470},
	doi = {10.1145/2994459.2994470},
	acmid = {2994470},
	publisher = {ACM},
	address = {New York, NY, USA},
}

@article{kern:1999,
	author = {Kern, Christoph and Greenstreet, Mark R.},
	title = {Formal Verification in Hardware Design: A Survey},
	journal = {ACM Trans. Des. Autom. Electron. Syst.},
	issue_date = {April 1999},
	volume = {4},
	number = {2},
	month = 4,
	year = {1999},
	issn = {1084-4309},
	pages = {123--193},
	numpages = {71},
	url = {http://doi.acm.org/10.1145/307988.307989},
	doi = {10.1145/307988.307989},
	acmid = {307989},
	publisher = {ACM},
	address = {New York, NY, USA},
}

@ARTICLE{kim:2010,
	author={M. {Kim} and H. {Ju} and Y. {Kim} and J. {Park} and Y. {Park}},
	journal={IEEE Transactions on Consumer Electronics},
	title={Design and implementation of mobile trusted module for trusted mobile computing},
	year={2010},
	volume={56},
	number={1},
	pages={134--140},
	doi={10.1109/TCE.2010.5439136},
	ISSN={0098-3063},
	month={2},
}

@inproceedings{klein:2009,
	author = {Klein, Gerwin and Elphinstone, Kevin and Heiser, Gernot and Andronick, June and Cock, David and Derrin, Philip and Elkaduwe, Dhammika and Engelhardt, Kai and Kolanski, Rafal and Norrish, Michael and Sewell, Thomas and Tuch, Harvey and Winwood, Simon},
	title = {seL4: Formal Verification of an OS Kernel},
	booktitle = {Proceedings of the ACM SIGOPS 22Nd Symposium on Operating Systems Principles},
	series = {SOSP '09},
	year = {2009},
	isbn = {978-1-60558-752-3},
	location = {Big Sky, Montana, USA},
	pages = {207--220},
	numpages = {14},
	url = {http://doi.acm.org/10.1145/1629575.1629596},
	doi = {10.1145/1629575.1629596},
	acmid = {1629596},
	publisher = {ACM},
	address = {New York, NY, USA},
	keywords = {isabelle/hol, l4, microkernel, sel4},
}

@misc{koren:2009,
	title = {The BellKor Solution to the Netflix Grand Prize},
	author = {Yehuda Koren},
	year = {2009},
	month = {8},
	howpublished = {\url{https://www.netflixprize.com/assets/GrandPrize2009_BPC_BellKor.pdf}}
}

@inproceedings{kucuk:2016,
	author = {K\"{u}\c{c}\"{u}k, Kubilay Ahmet and Paverd, Andrew and Martin, Andrew and Asokan, N. and Simpson, Andrew and Ankele, Robin},
	title = {Exploring the Use of Intel SGX for Secure Many-Party Applications},
	booktitle = {Proceedings of the 1st Workshop on System Software for Trusted Execution},
	series = {SysTEX '16},
	year = {2016},
	isbn = {978-1-4503-4670-2},
	location = {Trento, Italy},
	pages = {5:1--5:6},
	articleno = {5},
	numpages = {6},
	url = {http://doi.acm.org/10.1145/3007788.3007793},
	doi = {10.1145/3007788.3007793},
	acmid = {3007793},
	publisher = {ACM},
	address = {New York, NY, USA},
}

@inproceedings{lee:2018,
	author = {Lee, Yongjae and Shin, Seungwon},
	title = {Toward Semantic Assessment of Vulnerability Severity: A Text Mining Approach},
	year = {2018},
	booktitle = {1st International Workshop on EntitY REtrieval (EYRE '18)}
}

@inproceedings{lie:2017,
	author = {Lie, David and Maniatis, Petros},
	title = {Glimmers: Resolving the Privacy/Trust Quagmire},
	booktitle = {Proceedings of the 16th Workshop on Hot Topics in Operating Systems},
	series = {HotOS '17},
	year = {2017},
	isbn = {978-1-4503-5068-6},
	location = {Whistler, BC, Canada},
	pages = {94--99},
	numpages = {6},
	url = {http://doi.acm.org/10.1145/3102980.3102996},
	doi = {10.1145/3102980.3102996},
	acmid = {3102996},
	publisher = {ACM},
	address = {New York, NY, USA},
	keywords = {Glimmers, Privacy, SGX},
}

@inproceedings{lipp:2018,
	author = {Moritz Lipp and Michael Schwarz and Daniel Gruss and Thomas Prescher and Werner Haas and Anders Fogh and Jann Horn and Stefan Mangard and Paul Kocher and Daniel Genkin and Yuval Yarom and Mike Hamburg},
	title = {Meltdown: Reading Kernel Memory from User Space},
	booktitle = {27th {USENIX} Security Symposium ({USENIX} Security 18)},
	year = {2018},
}

@article{liu:2011,
	title={{VRSS}: A new system for rating and scoring vulnerabilities},
	author={Qixu Liu and Yuqing Zhang},
	journal={Computer Communications},
	year={2011},
	volume={34},
	pages={264-273}
}

@misc{lyons:2014,
	author = {Lyons, Katherine B.},
	title = {A Recommender System in the Cyber Defense Domain},
	year = {2014},
	howpublished = {\url{https://scholar.afit.edu/etd/612/}},
}

@ARTICLE{maene:2018,
	author={Maene, Pieter and GÃ¶tzfried, Johannes and de Clercq, Ruan and MÃ¼ller, Tilo and Freiling, Felix and Verbauwhede, Ingrid},
	journal={IEEE Transactions on Computers},
	title={Hardware-Based Trusted Computing Architectures for Isolation and Attestation},
	year={2018},
	volume={67},
	number={3},
	pages={361-374},
	ISSN={0018-9340},
	month={3}
}

@inproceedings{mckeen:2013,
	title 			= {{Innovative Instructions and Software Model for Isolated Execution}},
	author			= {McKeen, Frank and Alexandrovich, Ilya and Berenzon, Alex and Rozas, Carlos V. and Shafi, Hisham and Shanbhogue, Vedvyas and Savagaonkar, Uday R.},
	booktitle		= {Proc. 2nd International Workshop on Hardware and Architectural Support for Security and Privacy},
	series			= {HASP '13},
	year 			= {2013},
	isbn 			= {978-1-4503-2118-1},
	location 		= {Tel-Aviv, Israel},
	pages 			= {10:1--10:1},
	articleno 		= {10},
	numpages 		= {1},
	acmid 			= {2488368},
	publisher 		= {ACM},
	month			= {6}
}

@inproceedings{mckeen:2016,
	author 			= {McKeen, Frank and Alexandrovich, Ilya and Anati, Ittai and Caspi, Dror and Johnson, Simon and Leslie-Hurd, Rebekah and Rozas, Carlos},
	title 			= {{Intel Software Guard Extensions (Intel SGX) Support for Dynamic Memory Management Inside an Enclave}},
	booktitle 		= {Proc. 2016 Hardware and Architectural Support for Security and Privacy},
	series 			= {HASP '16},
	year 			= {2016},
	isbn 			= {978-1-4503-4769-3},
	location 		= {Seoul, Republic of Korea},
	pages 			= {10:1--10:9},
	articleno 		= {10},
	numpages 		= {9},
	acmid 			= {2954331},
	publisher 		= {ACM},
	month			= {6},
}

@inproceedings{mcsherry:2009,
	author     = {McSherry, Frank and Mironov, Ilya},
	title      = {Differentially Private Recommender Systems: Building Privacy into the Netflix Prize Contenders},
	booktitle  = {Proceedings of the 15th ACM SIGKDD International Conference on Knowledge Discovery and Data Mining},
	series     = {KDD '09},
	year       = {2009},
	isbn       = {978-1-60558-495-9},
	location   = {Paris, France},
	pages      = {627--636},
	numpages   = {10},
	COMMENTEDurl        = {http://doi.acm.org/10.1145/1557019.1557090},
	doi        = {10.1145/1557019.1557090},
	acmid      = {1557090},
	publisher  = {ACM},
	address    = {New York, NY, USA},
	keywords   = {Netflix, differential privacy, recommender systems},
}

@ARTICLE{mijumbi:2016,
	author={R. {Mijumbi} and J. {Serrat} and J. {Gorricho} and N. {Bouten} and F. {De Turck} and R. {Boutaba}},
	journal={IEEE Communications Surveys Tutorials},
	title={Network Function Virtualization: State-of-the-Art and Research Challenges},
	year={2016},
	volume={18},
	number={1},
	pages={236--262},
	doi={10.1109/COMST.2015.2477041},
	ISSN={1553-877X},
}

@inproceedings{mokhtar:2017,
	author = {Mokhtar, Sonia Ben and Boutet, Antoine and Felber, Pascal and Pasin, Marcelo and Pires, Rafael and Schiavoni, Valerio},
	title = {X-search: Revisiting Private Web Search Using Intel SGX},
	booktitle = {Proceedings of the 18th ACM/IFIP/USENIX Middleware Conference},
	series = {Middleware '17},
	year = {2017},
	isbn = {978-1-4503-4720-4},
	location = {Las Vegas, Nevada},
	pages = {198--208},
	numpages = {11},
	url = {http://doi.acm.org/10.1145/3135974.3135987},
	doi = {10.1145/3135974.3135987},
	acmid = {3135987},
	publisher = {ACM},
	address = {New York, NY, USA},
}

@INPROCEEDINGS{narayanan:2008,
	author={A. {Narayanan} and V. {Shmatikov}},
	booktitle={2008 IEEE Symposium on Security and Privacy (S\&P 2008)},
	title={Robust De-anonymization of Large Sparse Datasets},
	year={2008},
	volume={},
	number={},
	pages={111--125},
	doi={10.1109/SP.2008.33},
	ISSN={1081-6011},
	month={5}
}

@Article{nembhard:2019,
	author="Nembhard, Fitzroy D.
	and Carvalho, Marco M.
	and Eskridge, Thomas C.",
	title="Towards the application of recommender systems to secure coding",
	journal="EURASIP Journal on Information Security",
	year="2019",
	month="6",
	day="13",
	volume="2019",
	number="1",
	pages="9",
	issn="2510-523X",
	doi="10.1186/s13635-019-0092-4",
	url="https://doi.org/10.1186/s13635-019-0092-4"
}

@inproceedings{nyman:2014,
	author = {Nyman, Thomas and Ekberg, Jan-Erik and Asokan, N.},
	title = {{Citizen Electronic Identities Using TPM 2.0}},
	booktitle = {Proceedings of the 4th International Workshop on Trustworthy Embedded Devices},
	series = {TrustED '14},
	year = {2014},
	isbn = {978-1-4503-3149-4},
	location = {Scottsdale, Arizona, USA},
	pages = {37--48},
	numpages = {12},
	doi = {10.1145/2666141.2666146},
	acmid = {2666146},
	publisher = {ACM},
	address = {New York, NY, USA},
	keywords = {authorization, cryptographic storage, electronic identification, pin, puk, tee, tpm},
}

@inproceedings{ohrimenko:2016,
	author = {Olga Ohrimenko and Felix Schuster and Cedric Fournet and Aastha Mehta and Sebastian Nowozin and Kapil Vaswani and Manuel Costa},
	title = {Oblivious Multi-Party Machine Learning on Trusted Processors},
	booktitle = {25th {USENIX} Security Symposium ({USENIX} Security 16)},
	year = {2016},
	isbn = {978-1-931971-32-4},
	address = {Austin, TX},
	pages = {619--636},
	url = {https://www.usenix.org/conference/usenixsecurity16/technical-sessions/presentation/ohrimenko},
	publisher = {{USENIX} Association},
	month = 8,
}

@INPROCEEDINGS{parameswaran:2007,
	author={R. {Parameswaran} and D. M. {Blough}},
	booktitle={2007 IEEE International Conference on Granular Computing (GRC 2007)},
	title={Privacy Preserving Collaborative Filtering Using Data Obfuscation},
	year={2007},
	volume={},
	number={},
	pages={380-380},
	doi={10.1109/GrC.2007.133},
	ISSN={},
	month={11},
}

@techreport{peters:2017,
	author = {Peters, Travis},
	title = {A Survey of Trustworthy Computing on Mobile \& Wearable Systems},
	year={2017},
	month={5},
	number={2017-823},
	institution={Dartmouth Computer Science},
	howpublished = {\url{https://www.cs.dartmouth.edu/~trdata/reports/TR2017-823.pdf}},
}

@misc{piotte:2009,
	title = {{The Pragmatic Theory solution to the Netflix Grand Prize}},
	author = {Piotte, Martin and Chabbert, Martin},
	year = {2009},
	month = {8},
	howpublished = {\url{https://www.netflixprize.com/assets/GrandPrize2009_BPC_PragmaticTheory.pdf}}
}

@INPROCEEDINGS{pires:2018,
	author={R. {Pires} and D. {Goltzsche} and S. {Ben Mokhtar} and S. {Bouchenak} and A. {Boutet} and P. {Felber} and R. {Kapitza} and M. {Pasin} and V. {Schiavoni}},
	booktitle={2018 IEEE 38th International Conference on Distributed Computing Systems (ICDCS)},
	title={CYCLOSA: Decentralizing Private Web Search through SGX-Based Browser Extensions},
	year={2018},
	volume={},
	number={},
	pages={467--477},
	doi={10.1109/ICDCS.2018.00053},
	ISSN={2575-8411},
	month={7},
}

@INPROCEEDINGS{polat:2003,
	author={H. {Polat} and {Wenliang Du}},
	booktitle={Third IEEE International Conference on Data Mining},
	title={Privacy-preserving collaborative filtering using randomized perturbation techniques},
	year={2003},
	volume={},
	number={},
	pages={625--628},
	doi={10.1109/ICDM.2003.1250993},
	ISSN={},
	month={11},
}

@inproceedings{polat:2005,
	author = {Polat, Huseyin and Du, Wenliang},
	title = {SVD-based Collaborative Filtering with Privacy},
	booktitle = {Proceedings of the 2005 ACM Symposium on Applied Computing},
	series = {SAC '05},
	year = {2005},
	isbn = {1-58113-964-0},
	location = {Santa Fe, New Mexico},
	pages = {791--795},
	numpages = {5},
	url = {http://doi.acm.org/10.1145/1066677.1066860},
	doi = {10.1145/1066677.1066860},
	acmid = {1066860},
	publisher = {ACM},
	address = {New York, NY, USA},
}

@InProceedings{polatidis:2017,
	author="Polatidis, Nikolaos
	and Pimenidis, Elias
	and Pavlidis, Michalis
	and Mouratidis, Haralambos",
	editor="Boracchi, Giacomo
	and Iliadis, Lazaros
	and Jayne, Chrisina
	and Likas, Aristidis",
	title="Recommender Systems Meeting Security: From Product Recommendation to Cyber-Attack Prediction",
	booktitle="Engineering Applications of Neural Networks",
	year="2017",
	publisher="Springer International Publishing",
	address="Cham",
	pages="508--519",
	isbn="978-3-319-65172-9"
}

@INPROCEEDINGS{priebe:2018,
	author={C. {Priebe} and K. {Vaswani} and M. {Costa}},
	booktitle={2018 IEEE Symposium on Security and Privacy (SP)},
	title={EnclaveDB: A Secure Database Using SGX},
	year={2018},
	volume={},
	number={},
	pages={264--278},
	doi={10.1109/SP.2018.00025},
	ISSN={2375-1207},
	month={5},
}

@book{ricci:2011,
	author = {Ricci, Francesco and Rokach, Lior and Shapira, Bracha and Kantor, Paul B.},
	title = {Recommender Systems Handbook},
	publisher = {Springer},
	year = {2011},
}

@article{rivest:1978,
	author = {Rivest, R. and Shamir, A. and Adleman, L.},
	title = {A Method for Obtaining Digital Signatures and Public-key Cryptosystems},
	journal = {Communications of the ACM},
	volume = {21},
	number = {2},
	month = {2},
	year = {1978},
	issn = {0001-0782},
	pages = {120--126},
	url = {http://doi.acm.org/10.1145/359340.359342},
	doi = {10.1145/359340.359342},
	publisher = {ACM},
	address = {New York, NY, USA},
}

@inproceedings{samarati:1998,
	author = {Samarati, Pierangela and Sweeney, Latanya},
	title = {Generalizing Data to Provide Anonymity when Disclosing Information (Abstract)},
	booktitle = {Proceedings of the Seventeenth ACM SIGACT-SIGMOD-SIGART Symposium on Principles of Database Systems},
	series = {PODS '98},
	year = {1998},
	isbn = {0-89791-996-3},
	location = {Seattle, Washington, USA},
	pages = {188--},
	COMMENTEDurl = {http://doi.acm.org/10.1145/275487.275508},
	doi = {10.1145/275487.275508},
	acmid = {275508},
	publisher = {ACM},
	address = {New York, NY, USA},
}

@article{samarati:2001,
	author={P. {Samarati}},
	journal={IEEE Transactions on Knowledge and Data Engineering},
	title={Protecting respondents identities in microdata release},
	year={2001},
	volume={13},
	number={6},
	pages={1010-1027},
	doi={10.1109/69.971193},
	ISSN={1041-4347},
	month={11},
}

@inproceedings{santos:2009,
	title={Towards trusted cloud computing},
	author={Santos, Nuno and Gummadi, Krishna P and Rodrigues, Rodrigo},
	booktitle={Proceedings of the 2009 conference on Hot topics in cloud computing},
	year={2009},
	organization={USENIX Association}
}

@inproceedings{sarwar:2001,
	author = {Sarwar, Badrul and Karypis, George and Konstan, Joseph and Riedl, John},
	title = {Item-based Collaborative Filtering Recommendation Algorithms},
	booktitle = {Proceedings of the 10th International Conference on World Wide Web},
	series = {WWW '01},
	year = {2001},
	isbn = {1-58113-348-0},
	location = {Hong Kong, Hong Kong},
	pages = {285--295},
	numpages = {11},
	url = {http://doi.acm.org/10.1145/371920.372071},
	doi = {10.1145/371920.372071},
	acmid = {372071},
	publisher = {ACM},
	address = {New York, NY, USA},
}

@inproceedings{schedl:2015,
	author = {Schedl, Markus and Hauger, David},
	title = {Tailoring Music Recommendations to Users by Considering Diversity, Mainstreaminess, and Novelty},
	booktitle = {Proceedings of the 38th International ACM SIGIR Conference on Research and Development in Information Retrieval},
	series = {SIGIR '15},
	year = {2015},
	isbn = {978-1-4503-3621-5},
	location = {Santiago, Chile},
	pages = {947--950},
	numpages = {4},
	url = {http://doi.acm.org/10.1145/2766462.2767763},
	doi = {10.1145/2766462.2767763},
	acmid = {2767763},
	publisher = {ACM},
	address = {New York, NY, USA},
}

@INPROCEEDINGS{schuster:2015,
	author={F. {Schuster} and M. {Costa} and C. {Fournet} and C. {Gkantsidis} and M. {Peinado} and G. {Mainar-Ruiz} and M. {Russinovich}},
	booktitle={2015 IEEE Symposium on Security and Privacy},
	title={VC3: Trustworthy Data Analytics in the Cloud Using SGX},
	year={2015},
	volume={},
	number={},
	pages={38--54},
	doi={10.1109/SP.2015.10},
	ISSN={1081-6011},
	month={5}
}

@InProceedings{schwarz:2017,
	author="Schwarz, Michael
	and Weiser, Samuel
	and Gruss, Daniel
	and Maurice, Cl{\'e}mentine
	and Mangard, Stefan",
	title="Malware Guard Extension: Using SGX to Conceal Cache Attacks",
	booktitle="Detection of Intrusions and Malware, and Vulnerability Assessment",
	year="2017",
	publisher="Springer International Publishing",
	address="Cham",
	pages="3--24",
	isbn="978-3-319-60876-1"
}

@InProceedings{schwarz:2019,
	author="Schwarz, Michael
	and Weiser, Samuel
	and Gruss, Daniel",
	title="Practical Enclave Malware with Intel SGX",
	booktitle="Detection of Intrusions and Malware, and Vulnerability Assessment",
	year="2019",
	publisher="Springer International Publishing",
	address="Cham",
	pages="177--196",
	isbn="978-3-030-22038-9"
}

@book{smart:2016,
	title = {Cryptography Made Simple},
	author = {Smart, Nigel. P.},
	year = {2016},
	publisher = {Springer},
}

@inproceedings{spanos:2013,
	author = {Spanos, Georgios and Sioziou, Angeliki and Angelis, Lefteris},
	title = {{WIVSS}: A New Methodology for Scoring Information Systems Vulnerabilities},
	booktitle = {Proceedings of the 17th Panhellenic Conference on Informatics},
	series = {PCI '13},
	year = {2013},
	location = {Thessaloniki, Greece},
	pages = {83--90},
	numpages = {8},
	publisher = {ACM},
	address = {New York, NY, USA},
	keywords = {IT security, vulnerability, vulnerability scoring},
}

@inproceedings{takacs:2008,
	author = {Tak\'{a}cs, G\'{a}bor and Pil\'{a}szy, Istv\'{a}n and N{\'e}meth, Botty\'{a}n and Tikk, Domonkos},
	title = {Matrix Factorization and Neighbor Based Algorithms for the Netflix Prize Problem},
	booktitle = {Proceedings of the 2008 ACM Conference on Recommender Systems},
	series = {RecSys '08},
	year = {2008},
	isbn = {978-1-60558-093-7},
	location = {Lausanne, Switzerland},
	pages = {267--274},
	numpages = {8},
	url = {http://doi.acm.org/10.1145/1454008.1454049},
	doi = {10.1145/1454008.1454049},
	acmid = {1454049},
	publisher = {ACM},
	address = {New York, NY, USA},
}

@misc{toscher:2009,
	title = {{The BigChaos Solution to the Netflix Grand Prize}},
	author = {TÃ¶scher, Andreas and Jahrer, Michael},
	year = {2019},
	month = {9},
	howpublished = {\url{https://www.netflixprize.com/assets/GrandPrize2009_BPC_BigChaos.pdf}},
}

@inproceedings{vanbulck:2018,
	author = {Van Bulck, Jo and Minkin, Marina and Weisse, Ofir and Genkin, Daniel and Kasikci, Baris and Piessens, Frank and Silberstein, Mark and Wenisch, Thomas F. and Yarom, Yuval and Strackx, Raoul},
	title = {Foreshadow: Extracting the Keys to the {Intel SGX} Kingdom with Transient Out-of-Order Execution},
	booktitle = {Proceedings of the 27th {USENIX} Security Symposium},
	year = {2018},
	month = {8},
	publisher = {{USENIX} Association},
}

@inproceedings{vasudevan:2012,
	author="Vasudevan, Amit
	and Owusu, Emmanuel
	and Zhou, Zongwei
	and Newsome, James
	and McCune, Jonathan M.",
	title="Trustworthy Execution on Mobile Devices: What Security Properties Can My Mobile Platform Give Me?",
	booktitle="Trust and Trustworthy Computing",
	year="2012",
	publisher="Springer Berlin Heidelberg",
	pages="159--178",
	isbn="978-3-642-30921-2"
}

@misc{vielhaber:2007,
	author = {Michael Vielhaber},
	title = {Breaking {ONE.FIVIUM} by {AIDA} an Algebraic {IV} Differential Attack},
	howpublished = {Cryptology ePrint Archive, Report 2007/413},
	year = {2007},
	note = {\url{http://eprint.iacr.org/2007/413}},
}

@INPROCEEDINGS{wan:2012,
	author={X. {Wan} and X. {Zhang} and L. {Chen} and J. {Zhu}},
	booktitle={2012 International Conference on Systems and Informatics (ICSAI2012)},
	title={An improved vTPM migration protocol based trusted channel},
	year={2012},
	volume={},
	number={},
	pages={870-875},
	doi={10.1109/ICSAI.2012.6223146},
	ISSN={},
	month={5},
}

@inproceedings{wang:2017,
	author 		= {Wang, Wenhao and Chen, Guoxing and Pan, Xiaorui and Zhang, Yinqian and Wang, XiaoFeng and Bindschaedler, Vincent and Tang, Haixu and Gunter, Carl A.},
	title 			= {{Leaky Cauldron on the Dark Land: Understanding Memory Side-Channel Hazards in SGX}},
	booktitle 		= {Proceedings of the 2017 ACM SIGSAC Conference on Computer and Communications Security},
	series 		= {CCS '17},
	year 			= {2017},
	isbn 			= {978-1-4503-4946-8},
	location 		= {Dallas, Texas, USA},
	pages 			= {2421--2434},
	numpages 		= {14},
	COMMENTEDurl 			= {http://doi.acm.org/10.1145/3133956.3134038},
	doi 			= {10.1145/3133956.3134038},
	acmid 			= {3134038},
	publisher 		= {ACM},
	address 		= {New York, NY, USA},
	keywords 		= {intel sgx, side channel attacks},
}

@article{wang:2018,
	title = "A content-based recommender system for computer science publications",
	journal = "Knowledge-Based Systems",
	volume = "157",
	pages = "1--9",
	year = "2018",
	issn = "0950-7051",
	doi = "https://doi.org/10.1016/j.knosys.2018.05.001",
	url = "http://www.sciencedirect.com/science/article/pii/S0950705118302107",
	author = "Donghui Wang and Yanchun Liang and Dong Xu and Xiaoyue Feng and Renchu Guan",
}

@inproceedings{winter:2008,
	author = {Winter, Johannes},
	title = {Trusted Computing Building Blocks for Embedded Linux-based ARM Trustzone Platforms},
	booktitle = {Proceedings of the 3rd ACM Workshop on Scalable Trusted Computing},
	series = {STC '08},
	year = {2008},
	isbn = {978-1-60558-295-5},
	location = {Alexandria, Virginia, USA},
	pages = {21--30},
	numpages = {10},
	url = {http://doi.acm.org/10.1145/1456455.1456460},
	doi = {10.1145/1456455.1456460},
	acmid = {1456460},
	publisher = {ACM},
	address = {New York, NY, USA},
	keywords = {arm trustzone, linux, mobile trusted computing, virtualisation},
}

@inproceedings{xing:2016,
	author 			= {Xing, Bin Cedric and Shanahan, Mark and Leslie-Hurd, Rebekah},
	title 			= {{Intel Software Guard Extensions (Intel SGX) Software Support for Dynamic Memory Allocation Inside an Enclave}},
	booktitle 		= {Proc. 2016 Hardware and Architectural Support for Security and Privacy},
	series 			= {HASP '16},
	year 			= {2016},
	isbn 			= {978-1-4503-4769-3},
	location 		= {Seoul, Republic of Korea},
	pages 			= {11:1--11:9},
	articleno 		= {11},
	numpages 		= {9},
	acmid 			= {2954330},
	publisher 		= {ACM},
	month			= {6},
}

@InProceedings{yang:2019,
	author="Yang, Jingchun
	and Liu, Meicheng
	and Lin, Dongdai",
	title="Cube Cryptanalysis of Round-Reduced ACORN",
	booktitle="Information Security",
	year="2019",
	publisher="Springer International Publishing",
	address="Cham",
	pages="44--64",
	isbn="978-3-030-30215-3"
}

@INPROCEEDINGS{yao:1982,
	author={A. C. {Yao}},
	booktitle={23rd Annual Symposium on Foundations of Computer Science (sfcs 1982)},
	title={Protocols for secure computations},
	year={1982},
	volume={},
	number={},
	pages={160--164},
	doi={10.1109/SFCS.1982.38},
	ISSN={0272-5428},
	month={11},
}

@article{zhan:2010,
	author={J. {Zhan} and C. {Hsieh} and I. {Wang} and T. {Hsu} and C. {Liau} and D. {Wang}},
	journal={IEEE Transactions on Systems, Man, and Cybernetics, Part C (Applications and Reviews)},
	title={Privacy-Preserving Collaborative Recommender Systems},
	year={2010},
	volume={40},
	number={4},
	pages={472--476},
	doi={10.1109/TSMCC.2010.2040275},
	ISSN={1094-6977},
	month={7},
}

@inproceedings{zhang:2016,
	author = {Zhang, Fengwei and Zhang, Hongwei},
	title = {SoK: A Study of Using Hardware-assisted Isolated Execution Environments for Security},
	booktitle = {Proceedings of the Hardware and Architectural Support for Security and Privacy 2016},
	series = {HASP 2016},
	year = {2016},
	isbn = {978-1-4503-4769-3},
	location = {Seoul, Republic of Korea},
	pages = {3:1--3:8},
	articleno = {3},
	numpages = {8},
	url = {http://doi.acm.org/10.1145/2948618.2948621},
	doi = {10.1145/2948618.2948621},
	acmid = {2948621},
	publisher = {ACM},
	address = {New York, NY, USA},
}

@INPROCEEDINGS{zheng:2009,
	author={Z. {Zheng} and H. {Ma} and M. R. {Lyu} and I. {King}},
	booktitle={2009 IEEE International Conference on Web Services},
	title={WSRec: A Collaborative Filtering Based Web Service Recommender System},
	year={2009},
	volume={},
	number={},
	pages={437-444},
	doi={10.1109/ICWS.2009.30},
	ISSN={},
	month={7}
}

@inproceedings{zhou:2008,
	author="Zhou, Yunhong
	and Wilkinson, Dennis
	and Schreiber, Robert
	and Pan, Rong",
	title="Large-Scale Parallel Collaborative Filtering for the Netflix Prize",
	booktitle="Algorithmic Aspects in Information and Management",
	year="2008",
	publisher="Springer Berlin Heidelberg",
	pages="337--348",
	isbn="978-3-540-68880-8"
}
