@misc{cve-details,
	author = {{MITRE Corporation}},
	title = {CVE details},
	howpublished = {\url{https://www.cvedetails.com/}},
	COMMENTEDnote = {(visited on: 2019-01-30)}
}

@misc{cvss2spec,
	author = {Mell, Peter M. and others},
	title = {A Complete Guide to the Common Vulnerability Scoring System Version 2.0},
	howpublished = {\url{https://www.nist.gov/publications/complete-guide-common-vulnerability-scoring-system-version-20}},
	year = {2007},
	shorthand = {CVSS2}
}

@misc{cvss3spec,
	author = {First},
	title = {Common Vulnerability Scoring System v3.0: Specification Document},
	howpublished = {\url{https://www.first.org/cvss/specification-document}},
	shorthand = {CVSS3}
}

@misc{metasploit,
	author = {Rapid7},
	title = {Vulnerability and Exploit Database},
	howpublished = {\url{https://www.rapid7.com/db}},
	COMMENTEDnote = {(visited on: 2019-01-30)}
}

@misc{nvd,
	author = {NIST},
	title = {National Vulnerability Database},
	howpublished = {\url{https://nvd.nist.gov/}},
	COMMENTEDnote = {(visited on: 2019-01-30)},
	shorthand = {NVD},
}

@inproceedings{chen:1998,
	author = {Chen, Liren and Sycara, Katia},
	title = {WebMate: A Personal Agent for Browsing and Searching},
	booktitle = {Proceedings of the Second International Conference on Autonomous Agents},
	series = {AGENTS '98},
	year = {1998},
	isbn = {0-89791-983-1},
	location = {Minneapolis, Minnesota, USA},
	pages = {132--139},
	numpages = {8},
	acmid = {280789},
	publisher = {ACM},
}

@article{degemmis:2007,
	author = {Degemmis, Marco and Lops, Pasquale and Semeraro, Giovanni},
	title = {A content-collaborative recommender that exploits WordNet-based user profiles for neighborhood formation},
	journal = {User Modeling and User-Adapted Interaction},
	volume = {17},
	number = {3},
	year = {2007},
	pages = {}
}

@book{gunawardana:2015,
	author = {Gunawardana, Asela and Shani, Guy},
	title = {Evaluating recommender systems},
	series = {Recommender systems handbook},
	publisher = {Springer, Boston, MA},
	year = {2015},
}

@inproceedings{host:2018,
	title = "Industrial Practices in Security Vulnerability Management for IoT Systems -- an Interview Study",
	author = "Martin H{\"o}st and others",
	year = "2018",
	language = "English",
	isbn = "1-60132-489-8",
	pages = "61--67",
	booktitle = "Proceedings of the 2018 International Conference on Software Engineering Research \& Practice"
}

@inproceedings{meteren:2000,
  author = {Meteren, Robin van and Someren, Maarten van},
  title = {Using content-based filtering for recommendation},
  booktitle = {Proceedings of ECML 2000 Workshop: Machine Learning in Information Age},
  pages = {47--56},
  year = {2000}
}

@article{rosaci:2009,
	author = {Rosaci, Domenico and Sarn√©, Giuseppe and Garruzzo, Salvatore},
	title = {MUADDIB: A distributed recommender system supporting device adaptivity},
	journal = {ACM Transactions on Information Systems (TOIS) },
	volume = {27},
	number = {4},
	year = {2009},
	pages = {}
}

@Article{schafer:2001,
	author="Schafer, J. Ben and Konstan, Joseph A. and Riedl, John",
	title="E-Commerce Recommendation Applications",
	journal="Data Mining and Knowledge Discovery",
	year="2001",
	volume="5",
	number="1",
	pages="115--153",
	issn="1573-756X",
}

@inbook{smyth:2007,
	author="Smyth, Barry",
	title="Case-Based Recommendation",
	bookTitle="The Adaptive Web: Methods and Strategies of Web Personalization",
	year="2007",
	publisher="Springer Berlin Heidelberg",
	address="Berlin, Heidelberg",
	pages="342--376",
	isbn="978-3-540-72079-9",
}

@misc{synopsis:2018,
	author = {{Synopsis Center for Open Source Research \& Innovation}},
	title = {{2018 Black Duck by Synopsys Open Source Security and Risk Analysis}},
	year = {2018},
	url = {https://www.blackducksoftware.com/open-source-security-risk-analysis-2018},
	note = {{Last accessed: 2018-11-08}}
}

@Article{yao:1995,
  author = {Yao, Y. Y},
  title = {Measuring retrieval effectiveness based on user preference of documents},
  journal = {Journal of the American Society for Information Science},
  volume = {46},
  number = {2},
  year = {1995},
  pages = {}
}

