@misc{githubsecalert,
	title = {About security alerts for vulnerable dependencies},
	author = {GitHub},
	note = {\url{https://help.github.com/en/articles/about-security-alerts-for-vulnerable-dependencies}}
}

@misc{sgx-ra-example,
	title = {Code Sample: Intel Software Guard Extensions Remote Attestation End-to-End Example},
	author = {John M. (Intel)},
	month = {7},
	year = {2018},
	note = {\url{https://software.intel.com/en-us/articles/code-sample-intel-software-guard-extensions-remote-attestation-end-to-end-example}}
}

@inproceedings{abadi:2016,
	author     = {Abadi, Martin and Chu, Andy and Goodfellow, Ian and McMahan, H. Brendan and Mironov, Ilya and Talwar, Kunal and Zhang, Li},
	title      = {Deep Learning with Differential Privacy},
	booktitle  = {Proceedings of the 2016 ACM SIGSAC Conference on Computer and Communications Security},
	series     = {CCS '16},
	year       = {2016},
	isbn       = {978-1-4503-4139-4},
	location   = {Vienna, Austria},
	pages      = {308--318},
	numpages   = {11},
	COMMENTEDurl        = {http://doi.acm.org/10.1145/2976749.2978318},
	doi        = {10.1145/2976749.2978318},
	acmid      = {2978318},
	publisher  = {ACM},
	address    = {New York, NY, USA},
	keywords   = {deep learning, differential privacy},
}

@incollection{bassily:2017,
	title       = {{Practical Locally Private Heavy Hitters}},
	author      = {Bassily, Raef and Nissim, Kobbi and Stemmer, Uri and Guha Thakurta, Abhradeep},
	booktitle   = {Advances in Neural Information Processing Systems 30},
	COMMENTEDeditor      = {I. Guyon and U. V. Luxburg and S. Bengio and H. Wallach and R. Fergus and S. Vishwanathan and R. Garnett},
	pages       = {2288--2296},
	year        = {2017},
	publisher   = {Curran Associates, Inc.},
	url         = {http://papers.nips.cc/paper/6823-practical-locally-private-heavy-hitters.pdf}
}

@inproceedings{bittau:2017,
	author         = {Bittau, Andrea and Erlingsson, \'{U}lfar and Maniatis, Petros and Mironov, Ilya and Raghunathan, Ananth and Lie, David and Rudominer, Mitch and Kode, Ushasree and Tinnes, Julien and Seefeld, Bernhard},
	title          = {{Prochlo: Strong Privacy for Analytics in the Crowd}},
	booktitle      = {Proceedings of the 26th Symposium on Operating Systems Principles},
	series         = {SOSP '17},
	year           = {2017},
	isbn           = {978-1-4503-5085-3},
	location       = {Shanghai, China},
	pages          = {441--459},
	numpages       = {19},
	COMMENTEDurl            = {http://doi.acm.org/10.1145/3132747.3132769},
	doi            = {10.1145/3132747.3132769},
	acmid          = {3132769},
	publisher      = {ACM},
	address        = {New York, NY, USA},
}

@inproceedings{bozorgi:2009,
	author         = {Bozorgi, Mehran and Saul, Lawrence K. and Savage, Stefan and Voelker, Geoffrey M.},
	title          = {Beyond Heuristics: Learning to Classify Vulnerabilities and Predict Exploits},
	booktitle      = {Proceedings of the 16th ACM SIGKDD International Conference on Knowledge Discovery and Data Mining},
	series         = {KDD '10},
	year           = {2010},
	isbn           = {978-1-4503-0055-1},
	location       = {Washington, DC, USA},
	pages          = {105--114},
	numpages       = {10},
	COMMENTEDurl            = {http://doi.acm.org/10.1145/1835804.1835821},
	doi            = {10.1145/1835804.1835821},
	acmid          = {1835821},
	publisher      = {ACM},
	address        = {New York, NY, USA},
	keywords       = {SVM, exploits, supervised learning, vulnerabilities},
}

@inproceedings{brasser:2019,
	title         =  {{SANCTUARY: ARMing TrustZone with User-space Enclaves}},
	author        =  {Brasser, Ferdinand and Gens, David and Jauernig, Patrick and Sadeghi, Ahmad-Reza and Stapf, Emmanuel},
	year          =  {2019},
	booktitle 	=  {Proc. 2019 Network and Distributed Systems Security Symposium},
	series        =  {NDSS'19}
}

@inproceedings{cobleigh:2018,
title       = {Identifying, Prioritizing and Evaluating Vulnerabilities in Third Party Code},
author      = {Alexander Cobleigh and Martin Hell and Linus Karlsson and Oscar Reimer and Jonathan S{\"o}nnerup and Daniel Wisenhoff},
year        = {2018},
doi         = {10.1109/EDOCW.2018.00038},
booktitle   = {IEEE 22nd International Enterprise Distributed Object Computing Workshop},
publisher   = {IEEE},
}

@article{dwork:2014,
	title         =   {The algorithmic foundations of differential privacy},
	author        =   {Dwork, Cynthia and Roth, Aaron and others},
	journal       =   {Foundations and Trends{\textregistered} in Theoretical Computer Science},
	volume        =   {9},
	number        =   {3--4},
	pages         =   {211--407},
	year          =   {2014},
	publisher     =   {Now Publishers, Inc.}
}

@incollection{frei:2010,
  title         =   {{Modeling the security ecosystem-the dynamics of (in) security}},
  author        =   {Frei, Stefan and Schatzmann, Dominik and Plattner, Bernhard and Trammell, Brian},
  booktitle     =   {Economics of Information Security and Privacy},
  pages         =   {79--106},
  year          =   {2010},
  publisher     =   {Springer}
}

@article{holohan:2017,
	author    = {Naoise Holohan and
	Spiros Antonatos and
	Stefano Braghin and
	Pol Mac Aonghusa},
	title     = {(k, {\(\epsilon\)})-Anonymity: k-Anonymity with {\(\epsilon\)}-Differential
	Privacy},
	journal   = {CoRR},
	volume    = {abs/1710.01615},
	year      = {2017},
	url       = {http://arxiv.org/abs/1710.01615},
	archivePrefix = {arXiv},
	eprint    = {1710.01615},
	timestamp = {Mon, 13 Aug 2018 16:47:42 +0200},
	biburl    = {https://dblp.org/rec/bib/journals/corr/abs-1710-01615},
	bibsource = {dblp computer science bibliography, https://dblp.org}
}

@INPROCEEDINGS{li:2007,
	author={N. {Li} and T. {Li} and S. {Venkatasubramanian}},
	booktitle={2007 IEEE 23rd International Conference on Data Engineering},
	title={t-Closeness: Privacy Beyond k-Anonymity and l-Diversity},
	year={2007},
	volume={},
	number={},
	pages={106-115},
	doi={10.1109/ICDE.2007.367856},
	ISSN={1063-6382},
	month={4},
}

@inproceedings{mccoy:2008,
author          =   {McCoy, Damon and Bauer, Kevin and Grunwald, Dirk and Kohno, Tadayoshi and Sicker, Douglas},
editor          =   {Borisov, Nikita and Goldberg, Ian},
title           =   {Shining Light in Dark Places: Understanding the Tor Network},
booktitle       =   {Privacy Enhancing Technologies},
year            =   {2008},
publisher       =   {Springer Berlin Heidelberg},
address         =   {Berlin, Heidelberg},
pages           =   {63--76},
isbn            =   {978-3-540-70630-4}
}

@inproceedings{mofrad:2017,
	author     = {Mofrad, Saeid and Zhang, Fengwei and Lu, Shiyong and Shi, Weidong},
	title      = {{A Comparison Study of Intel SGX and AMD Memory Encryption Technology}},
	booktitle  = {Proceedings of the 7th International Workshop on Hardware and Architectural Support for Security and Privacy},
	series     = {HASP '18},
	year       = {2018},
	isbn       = {978-1-4503-6500-0},
	location   = {Los Angeles, California},
	pages      = {9:1--9:8},
	articleno  = {9},
	numpages   = {8},
	COMMENTEDurl        = {http://doi.acm.org/10.1145/3214292.3214301},
	doi        = {10.1145/3214292.3214301},
	acmid      = {3214301},
	publisher  = {ACM},
	address    = {New York, NY, USA},
	keywords   = {AMD SEV, Intel SGX, hardware-supported security},
}

@inproceedings{shoshitaishvili:2017,
 author         = {Shoshitaishvili, Yan and Weissbacher, Michael and Dresel, Lukas and Salls, Christopher and Wang, Ruoyu and Kruegel, Christopher and Vigna, Giovanni},
 title          = {Rise of the HaCRS: Augmenting Autonomous Cyber Reasoning Systems with Human Assistance},
 booktitle      = {Proceedings of the 2017 ACM SIGSAC Conference on Computer and Communications Security},
 series         = {CCS '17},
 year           = {2017},
 isbn           = {978-1-4503-4946-8},
 location       = {Dallas, Texas, USA},
 pages          = {347--362},
 numpages       = {16},
 COMMENTEDurl            = {http://doi.acm.org/10.1145/3133956.3134105},
 doi            = {10.1145/3133956.3134105},
 acmid          = {3134105},
 publisher      = {ACM},
 address        = {New York, NY, USA},
 keywords       = {cyber reasoning systems, fuzzing, human assistance},
} 

@inproceedings{sridharan:2008,
	author         = {Sridharan, Vilas and Kaeli, David R.},
	title          = {Quantifying Software Vulnerability},
	booktitle      = {Proceedings of the 2008 Workshop on Radiation Effects and Fault Tolerance in Nanometer Technologies},
	series         = {WREFT '08},
	year           = {2008},
	isbn           = {978-1-60558-092-0},
	location       = {Ischia, Italy},
	pages          = {323--328},
	numpages       = {6},
	COMMENTEDurl            = {http://doi.acm.org/10.1145/1366224.1366225},
	doi            = {10.1145/1366224.1366225},
	acmid          = {1366225},
	publisher      = {ACM},
	address        = {New York, NY, USA},
	keywords       = {fault tolerance, modeling, soft errors},
} 

@article{tang:2017,
  author    = {Jun Tang and
               Aleksandra Korolova and
               Xiaolong Bai and
               Xueqiang Wang and
               XiaoFeng Wang},
  title     = {Privacy Loss in Apple's Implementation of Differential Privacy on
               MacOS 10.12},
  journal   = {CoRR},
  volume    = {abs/1709.02753},
  year      = {2017},
  url       = {http://arxiv.org/abs/1709.02753},
  archivePrefix = {arXiv},
  eprint    = {1709.02753},
  timestamp = {Mon, 13 Aug 2018 16:46:51 +0200},
  biburl    = {https://dblp.org/rec/bib/journals/corr/abs-1709-02753},
  bibsource = {dblp computer science bibliography, https://dblp.org}
}

@inproceedings {zheng:2017,
	author      = {Wenting Zheng and Ankur Dave and Jethro G. Beekman and Raluca Ada Popa and Joseph E. Gonzalez and Ion Stoica},
	title       = {{Opaque: An Oblivious and Encrypted Distributed Analytics Platform}},
	booktitle   = {14th {USENIX} Symposium on Networked Systems Design and Implementation ({NSDI} 17)},
	year        = {2017},
	isbn        = {978-1-931971-37-9},
	address     = {Boston, MA},
	pages       = {283--298},
	COMMENTEDurl         = {https://www.usenix.org/conference/nsdi17/technical-sessions/presentation/zheng},
	publisher   = {{USENIX} Association},
}
