
@article{agren:2011,
	title = "Grain-128a: a new version of {Grain-128} with optional authentication",
	keywords = "cryptographic primitive, cryptography., security, hardware attractive, lightweight, message authentication, MAC, stream cipher, Grain-128, Grain-128a",
	author = "\r{A}gren, Martin and Martin Hell and Thomas Johansson and Willi Meier",
	year = "2011",
	doi = "10.1504/IJWMC.2011.044106",
	volume = "5",
	pages = "48--59",
	journal = "International Journal of Wireless and Mobile Computing",
	issn = "1741-1084",
	publisher = "Inderscience",
	number = "1",
}

@Inproceedings{banik:2013,
	author="Banik, Subhadeep
	and Maitra, Subhamoy
	and Sarkar, Santanu
	and Meltem S{\"o}nmez, Turan",
	title="A Chosen {IV} Related Key Attack on {Grain-128a}",
	bookTitle="Information Security and Privacy: 18th Australasian Conference, ACISP 2013, Brisbane, Australia, July 1-3, 2013. Proceedings",
	year="2013",
	publisher="Springer",
	pages="13--26",
	isbn="978-3-642-39059-3",
	doi="10.1007/978-3-642-39059-3_2",
	url="http://dx.doi.org/10.1007/978-3-642-39059-3_2"
}

@Inproceedings{canniere:2006,
	author="De Canni{\`e}re, Christophe",
	title="Trivium: A Stream Cipher Construction Inspired by Block Cipher Design Principles",
	bookTitle="Information Security: 9th International Conference, ISC 2006, Samos Island, Greece, August 30 - September 2, 2006. Proceedings",
	year="2006",
	publisher="Springer",
	pages="171--186",
	isbn="978-3-540-38343-7",
	doi="10.1007/11836810_13",
	url="http://dx.doi.org/10.1007/11836810_13"
}

@Inbook{canteaut:2016,
	author="Canteaut, Anne
	and Carpov, Sergiu
	and Fontaine, Caroline
	and Lepoint, Tancr{\`e}de
	and Naya-Plasencia, Mar{\'i}a
	and Paillier, Pascal
	and Sirdey, Renaud",
	title="Stream Ciphers: A Practical Solution for Efficient Homomorphic-Ciphertext Compression",
	bookTitle="Fast Software Encryption: 23rd International Conference, FSE 2016, Bochum, Germany, March 20-23, 2016, Revised Selected Papers",
	year="2016",
	publisher="Springer Berlin Heidelberg",
	address="Berlin, Heidelberg",
	pages="313--333",
	isbn="978-3-662-52993-5",
	doi="10.1007/978-3-662-52993-5_16",
	url="https://doi.org/10.1007/978-3-662-52993-5_16"
}

@Inproceedings{chakraborti:2015,
	author="Chakraborti, Avik
	and Chattopadhyay, Anupam
	and Hassan, Muhammad
	and Nandi, Mridul",
	title="TriviA: A Fast and Secure Authenticated Encryption Scheme",
	bookTitle="Cryptographic Hardware and Embedded Systems -- CHES 2015: 17th International Workshop, Saint-Malo, France, September 13-16, 2015, Proceedings",
	year="2015",
	publisher="Springer",
	pages="330--353",
	isbn="978-3-662-48324-4",
	doi="10.1007/978-3-662-48324-4_17",
	url="http://dx.doi.org/10.1007/978-3-662-48324-4_17"
}

@Inproceedings{dinur:2011,
	author="Dinur, Itai
	and Shamir, Adi",
	title="Breaking {Grain-128} with Dynamic Cube Attacks",
	bookTitle="Fast Software Encryption: 18th International Workshop, FSE 2011, Lyngby, Denmark, February 13-16, 2011, Revised Selected Papers",
	year="2011",
	publisher="Springer",
	pages="167--187",
	isbn="978-3-642-21702-9",
	doi="10.1007/978-3-642-21702-9_10",
	url="http://dx.doi.org/10.1007/978-3-642-21702-9_10"
}

@Inproceedings{englund:2007,
	author="Englund, H{\aa}kan
	and Johansson, Thomas
	and S{\"o}nmez Turan, Meltem",
	title="A Framework for Chosen {IV} Statistical Analysis of Stream Ciphers",
	bookTitle="Progress in Cryptology -- INDOCRYPT 2007: 8th International Conference on Cryptology in India, Chennai, India, December 9-13, 2007. Proceedings",
	year="2007",
	publisher="Springer",
	pages="268--281",
	isbn="978-3-540-77026-8",
	doi="10.1007/978-3-540-77026-8_20",
	url="http://dx.doi.org/10.1007/978-3-540-77026-8_20"
}

@article{hell:2006a,
	author = {Hell, Martin and Johansson, Thomas and Meier, Willi},
	title = {Grain -- a Stream Cipher for Constrained Environments},
	journal = {International Journal of Wireless and Mobile Computing, Special Issue on Security of Computer Network and Mobile Systems},
	volume = {2},
	number = {1},
	month = may,
	year = {2006},
	issn = {1741-1084},
	pages = {86--93},
	numpages = {8},
	doi = {10.1504/IJWMC.2007.013798},
}

@INPROCEEDINGS{hell:2006b, 
	author={M. Hell and T. Johansson and A. Maximov and W. Meier}, 
	booktitle={2006 IEEE International Symposium on Information Theory}, 
	title={A Stream Cipher Proposal: Grain-128}, 
	year={2006}, 
	pages={1614-1618}, 
	keywords={cryptography;shift registers;Grain-128;chip area;gate count;power consumption;shift registers;stream cipher proposal;Additives;Cryptography;Energy consumption;Hardware;Information technology;Linear feedback shift registers;Nonlinear filters;Proposals;Security;Shift registers}, 
	doi={10.1109/ISIT.2006.261549}, 
	ISSN={2157-8095}, 
	month={7},}

@inproceedings{karlsson:2017,
	title = {Improved Greedy Nonrandomness Detectors for Stream Ciphers},
	author = {Karlsson, Linus and Hell, Martin and Stankovski, Paul},
	year = "2017",
	pages = "225--232",
	booktitle = "Proceedings of the 3rd International Conference on Information Systems Security and Privacy",
	publisher = "SciTePress",
}

@INPROCEEDINGS{liu:2015, 
	author={M. Liu and D. Lin and W. Wang}, 
	booktitle={2015 IEEE International Symposium on Information Theory (ISIT)}, 
	title={Searching cubes for testing Boolean functions and its application to {Trivium}}, 
	year={2015}, 
	pages={496-500}, 
	keywords={Boolean functions;cryptography;search problems;Boolean function testing;Trivium;cube search;heuristic algorithm;stream cipher;submaximal degree monomial test;Boolean functions;Ciphers;Complexity theory;Indexes;Testing;Transforms;Stream cipher;Trivium;distinguisher}, 
	doi={10.1109/ISIT.2015.7282504}, 
	ISSN={2157-8095}, 
	month={6},}

@misc{saarinen:2006,
	author={Saarinen, Markku-Juhani O.},
	title={Chosen-{IV} Statistical Attacks on {eSTREAM} Stream Ciphers},
	howpublished = {{eSTREAM}, {ECRYPT} Stream Cipher Project, Report 2006/013},
	year         = {2006},
	note         = {\url{http://www.ecrypt.eu.org/stream/papersdir/2006/013.pdf}},
}

@ARTICLE{sarkar:2014, 
	author={S. Sarkar and S. Banik and S. Maitra}, 
	journal={IEEE Transactions on Computers}, 
	title={Differential Fault Attack against {Grain} Family with Very Few Faults and Minimal Assumptions}, 
	year={2015}, 
	volume={64}, 
	number={6}, 
	pages={1647-1657}, 
	keywords={computability;cryptography;DFA;Grain v1;Grain-128;Grain-128a;SAGE 5.7;SAT Solver Cryptominisat-2.9.5;algebraic cryptanalysis;algebraic description;differential fault attack;faulty key-stream bits;grain family;stream ciphers;Ciphers;Equations;Hardware;Mathematical model;Registers;Timing;Differential fault attack;Grain v1;Grain-128;Grain-128a;LFSR;NFSR;SAT solver;stream cipher}, 
	doi={10.1109/TC.2014.2339854}, 
	ISSN={0018-9340}, 
	month={6},}

@Article{sarkar:2016,
	author="Sarkar, Santanu
	and Maitra, Subhamoy
	and Baksi, Anubhab",
	title="Observing biases in the state: case studies with {Trivium} and {Trivia-SC}",
	journal="Designs, Codes and Cryptography",
	issn="1573-7586",
	publisher="Springer",
	doi="10.1007/s10623-016-0211-x",
	url="http://dx.doi.org/10.1007/s10623-016-0211-x",
	year="2016"
}

@incollection{stankovski:2010,
	title={Greedy distinguishers and nonrandomness detectors},
	author={Stankovski, Paul},
	booktitle={INDOCRYPT 2010},
	pages={210--226},
	year={2010},
	publisher={Springer}
}

@Inbook{watanabe:2017,
	author="Watanabe, Yuhei
	and Isobe, Takanori
	and Morii, Masakatu",
	editor="Pieprzyk, Josef
	and Suriadi, Suriadi",
	title="Conditional Differential Cryptanalysis for Kreyvium",
	bookTitle="Information Security and Privacy: 22nd Australasian Conference, ACISP 2017, Auckland, New Zealand, July 3--5, 2017, Proceedings, Part I",
	year="2017",
	publisher="Springer International Publishing",
	address="Cham",
	pages="421--434",
	isbn="978-3-319-60055-0",
	doi="10.1007/978-3-319-60055-0_22",
	url="https://doi.org/10.1007/978-3-319-60055-0_22"
}
