@misc{infineon-tpm20-released,
	author = {Infineon},
	title = {{Infineon Advances Trusted Computing with New OPTIGA\texttrademark{} TPM Family: Security Chips Serve Industrial/Embedded Environments and Support Next Generation TPM 2.0 Firmware}},
	howpublished = {\url{http://www.infineon.com/cms/en/about-infineon/press/press-releases/2013/INFCCS201309-062.html}}
}

@misc{infineon-tpm20-surfacepro,
	author = {Infineon},
	title = {{Infineon Expands its Trusted Computing Expertise to Mobile Devices: OPTIGA\texttrademark{} TPM 2.0 Chips Secure Microsoft Surface Pro 3 Tablet}},
	howpublished = {\url{http://www.infineon.com/cms/en/about-infineon/press/press-releases/2015/INFCCS201502-026.html}}
}

@misc{microsoft-vsc,
	AUTHOR = {{Microsoft}},
	TITLE = {{Understanding and Evaluating Virtual Smart Cards}},
	YEAR = {2014},
	MONTH = {7},
	howpublished = {\url{https://www.microsoft.com/en-us/download/details.aspx?id=29076}}
}

@manual{TPMmigrationservices-tcg,
	AUTHOR = {{Trusted Computing Group}},
	title = {{Interoperability Specification for Backup and Migration Services, Specification Version: 1.0 Final, Revision 1.0 }},
	year={2005},
	month={6}
}

@inproceedings{chen:2014,
	author = {Chen Chen and Himanshu Raj and Stefan Saroiu and Alec Wolman},
	title = {{cTPM: A Cloud TPM for Cross-Device Trusted Applications}},
	booktitle = {11th USENIX Symposium on Networked Systems Design and Implementation (NSDI 14)},
	year = {2014},
	month = Apr,
	address = {Seattle, WA},
	publisher = {USENIX Association},
}

@Inproceedings{hell:2014,
	author="Hell, Martin
	and Karlsson, Linus
	and Smeets, Ben
	and Mirosavljevic, Jelena",
	title={{Using TPM Secure Storage in Trusted High Availability Systems}},
	booktitle={{Trusted Systems: 6th International Conference, INTRUST 2014, Beijing, China}},
	year="2015",
	publisher="Springer International Publishing",
	pages="243--258",
	isbn="978-3-319-27998-5",
	doi="10.1007/978-3-319-27998-5_16",
}

@Inproceedings{sinha:2014,
	author="Sinha, Arunesh
	and Jia, Limin
	and England, Paul
	and Lorch, Jacob R.",
	title={{Continuous Tamper-Proof Logging Using TPM 2.0}},
	booktitle={{Trust and Trustworthy Computing: 7th International Conference, TRUST 2014}},
	year="2014",
	publisher="Springer International Publishing",
	pages="19--36",
	isbn="978-3-319-08593-7",
	doi="10.1007/978-3-319-08593-7_2",
}

@Inbook{srivastava:2012,
	author="Srivastava, Abhinav
	and Raj, Himanshu
	and Giffin, Jonathon
	and England, Paul",
	title="Trusted VM Snapshots in Untrusted Cloud Infrastructures",
	booktitle={{Research in Attacks, Intrusions, and Defenses: 15th International Symposium, RAID 2012}},
	year="2012",
	publisher="Springer Berlin Heidelberg",
	address="Berlin, Heidelberg",
	pages="1--21",
	isbn="978-3-642-33338-5",
	doi="10.1007/978-3-642-33338-5_1",
}

