@INPROCEEDINGS{aslam:2012, 
	author={Aslam, M. and Gehrmann, C. and Bj√∂rkman, M.}, 
	booktitle={Trust, Security and Privacy in Computing and Communications (TrustCom)}, 
	title={Security and Trust Preserving {VM} Migrations in Public Clouds}, 
	year={2012}, 
	month={6}, 
	pages={869-876},
	doi={10.1109/TrustCom.2012.256},}

@inproceedings{berger:2006,
	author = {Berger, Stefan and C\'{a}ceres, Ram\'{o}n and Goldman, Kenneth A. and Perez, Ronald and Sailer, Reiner and van Doorn, Leendert},
	title = {{vTPM}: Virtualizing the Trusted Platform Module},
	booktitle = {Proceedings of the 15th Conference on USENIX Security Symposium - Volume 15},
	series = {USENIX-SS'06},
	year = {2006},
	location = {Vancouver, B.C., Canada},
	articleno = {21},
	url = {http://dl.acm.org/citation.cfm?id=1267336.1267357},
	acmid = {1267357},
	publisher = {USENIX Association},
	address = {Berkeley, CA, USA},
}

@incollection{england:2008,
	year={2008},
	isbn={978-3-540-68978-2},
	booktitle={Trusted Computing - Challenges and Applications},
	volume={4968},
	series={Lecture Notes in Computer Science},
	doi={10.1007/978-3-540-68979-9_9},
	title={Para-Virtualized {TPM} Sharing},
	url={http://dx.doi.org/10.1007/978-3-540-68979-9_9},
	publisher={Springer Berlin Heidelberg},
	author={England, Paul and Loeser, Jork},
	pages={119-132},
}

@inproceedings{gu:2008,
	author = {Gu, Liang and Ding, Xuhua and Deng, Robert Huijie and Xie, Bing and Mei, Hong},
	title = {Remote Attestation on Program Execution},
	booktitle = {Proceedings of the 3rd ACM Workshop on Scalable Trusted Computing},
	series = {STC '08},
	year = {2008},
	isbn = {978-1-60558-295-5},
	location = {Alexandria, Virginia, USA},
	pages = {11--20},
	numpages = {10},
	url = {http://doi.acm.org/10.1145/1456455.1456458},
	doi = {10.1145/1456455.1456458},
	acmid = {1456458},
	publisher = {ACM},
	address = {New York, NY, USA},
	keywords = {program dependency, remote attestation, trusted computing},
} 

@incollection{guette:2008,
  title={Using {TPMs} to secure vehicular ad-hoc networks {(VANETs)}},
  author={Guette, G. and Bryce, C.},
  booktitle={Information Security Theory and Practices. Smart Devices, Convergence and Next Generation Networks},
  pages={106--116},
  year={2008},
  publisher={Springer}
}

@INPROCEEDINGS{hutter:2010,
	author={Hutter, M. and Toegl, R.},
	booktitle={2010 Fifth International Conference on Systems and Networks Communications (ICSNC)},
	title={A Trusted Platform Module for Near Field Communication},
	year={2010},
	pages={136-141},
}

@INPROCEEDINGS{kang:2009,
author={Dong-Wan Kang and Sung-Ik Jun and Im-Yeoung Lee},
booktitle={11th International Conference on Advanced Communication Technology, 2009. ICACT 2009},
title={A study on migration scheme for a mobile trusted module},
year={2009},
volume={03},
pages={1672-1677},
}

@INPROCEEDINGS{mubarak:2010,
author={Mubarak, M.F. and Manan, J.A. and Yahya, S.},
booktitle={Network Applications Protocols and Services (NETAPPS)},
title={Mutual Attestation Using {TPM} for Trusted {RFID} Protocol},
year={2010},
pages={153-158},
}

@incollection{nauman:2010,
	year={2010},
	isbn={978-3-642-13868-3},
	booktitle={Trust and Trustworthy Computing},
	volume={6101},
	series={Lecture Notes in Computer Science},
	doi={10.1007/978-3-642-13869-0_1},
	title={Beyond Kernel-Level Integrity Measurement: Enabling Remote Attestation for the Android Platform},
	url={http://dx.doi.org/10.1007/978-3-642-13869-0_1},
	publisher={Springer Berlin Heidelberg},
	author={Nauman, Mohammad and Khan, Sohail and Zhang, Xinwen and Seifert, Jean-Pierre},
	pages={1-15},
}

@incollection{sadeghi:2008,
	year={2008},
	isbn={978-3-540-85884-3},
	booktitle={Information Security},
	volume={5222},
	series={Lecture Notes in Computer Science},
	doi={10.1007/978-3-540-85886-7_1},
	title={Property-Based {TPM} Virtualization},
	url={http://dx.doi.org/10.1007/978-3-540-85886-7_1},
	publisher={Springer Berlin Heidelberg},
	author={Sadeghi, Ahmad-Reza and St\"{u}ble, Christian and Winandy, Marcel},
	pages={1-16},
}

@inproceedings{sailer:2004,
	author = {Sailer, Reiner and Zhang, Xiaolan and Jaeger, Trent and van Doorn, Leendert},
	title = {Design and Implementation of a {TCG}-based Integrity Measurement Architecture},
	booktitle = {Proceedings of the 13th Conference on USENIX Security Symposium - Volume 13},
	series = {SSYM'04},
	year = {2004},
	location = {San Diego, CA},
	pages = {16--16},
	numpages = {1},
	url = {http://dl.acm.org/citation.cfm?id=1251375.1251391},
	acmid = {1251391},
	publisher = {USENIX Association},
	address = {Berkeley, CA, USA},
} 

@INPROCEEDINGS{wagan:2010,
	author={Wagan, A.A. and Mughal, B.M. and Hasbullah, H.},
	booktitle={Communication Software and Networks, 2010. ICCSN '10},
	title={{VANET} Security Framework for Trusted Grouping Using {TPM} Hardware},
	year={2010},
	pages={309-312},
}


