@misc{floodlightapi,
	title			=	{{Floodlight REST API}},
	author			=	{Ryan Izard},
	howpublished	=	{\url{https://floodlight.atlassian.net/wiki/display/floodlightcontroller/Floodlight+REST+API}},
	note 			=	{Accessed: 2016-12-16},  
	publisher		=	{Floodlight}
}

@techreport{intel64,
	author 			= {{Intel}},
	title      		= {{Intel 64 and IA-32 Architectures Software Developerâ€™s Manual, Combined Volumes: 1, 2A, 2B, 2C, 2D, 3A, 3B, 3C, 3D and 4}},
	month			= {7},
	year			= {2017},
	number			= {325462-063US},
	institution 	= {Intel Inc.},
}

@misc{mbedtls_sgx,
	author = {{mbedTLS}},
	title = {{TLS for SGX: a port of mbedtls}},
	howpublished = {\url{https://github.com/bl4ck5un/mbedtls-SGX}},
	note = {{Accessed 2018-04-23}}
}

@techreport{openflowswitch,
	title			=	{{OpenFlow switch specification, v.1.5.1}},
	author			=	{{OpenFlow Switch Consortium}},
	institution	=	{{Open Networking Foundation}},
	number			=	{ONF TS-025},
	month			=	{3},
	year			=	{2015}
}

@misc{ovs_ssl,
	author = {{Open vSwitch}},
	title = {{Open vSwitch Manual}},
	howpublished = {\url{https://github.com/openvswitch/ovs/blob/99c9ba8ec013b89138440b85ffc061bb90377114/INSTALL.SSL}},
	urldate = {2017-11-10},
	note = {{Accessed 2019-09-15}}
}

@techreport{rfc3268,
	AUTHOR 		 	= {Chown, P.},
	TITLE 		 	= {{Advanced Encryption Standard (AES) Ciphersuites for Transport Layer Security (TLS)}},
	HOWPUBLISHED  	= {Internet Requests for Comments},
	TYPE				= {{RFC}},
	NUMBER			= 3268,
	PAGES 			= {1-7},
	YEAR 				= {2002},
	MONTH 			= {5},
	ISSN 				= {2070-1721},
	INSTITUTION		= {IETF},   
	URL				= {http://www.rfc-editor.org/rfc/rfc3268.txt},
	shorthand = {RFC3268}
}

@techreport{rfc4492,
	AUTHOR 		 	= {Blake-Wilson, S and Bolyard, N and Gupta, V and Hawk, C and Moeller, B},
	TITLE 		 	= {{Elliptic Curve Cryptography (ECC) Cipher Suites for Transport Layer Security (TLS)}},
	HOWPUBLISHED  	= {Internet Requests for Comments},
	TYPE				= {{RFC}},
	NUMBER			= 4492,
	PAGES 			= {1-3},
	YEAR 				= {2006},
	MONTH 			= {5},
	ISSN 				= {2070-1721},
	INSTITUTION		= {IETF},
	URL				= {http://www.rfc-editor.org/rfc/rfc4492.txt},
	shorthand = {RFC4492},
}

@techreport{rfc5246,
	AUTHOR 		 	= {Dierks, T. and Rescorla, E.},
	TITLE 		 	= {{The Transport Layer Security (TLS) Protocol Version 1.2}},
	HOWPUBLISHED  	= {Internet Requests for Comments},
	TYPE				= {{RFC}},
	NUMBER			= 5246,
	PAGES 			= {1-104},
	YEAR 				= {2008},
	MONTH 			= {8},
	ISSN 				= {2070-1721},
	INSTITUTION		= {IETF},   
	URL				= {http://www.rfc-editor.org/rfc/rfc5246.txt},
	shorthand = {RFC5246},
}

@techreport{rfc6241,
	AUTHOR 		 	= {Enns, Rob and Bjorklund, Martin and Schoenwaelder, Juergen},
	TITLE 		 	= {{Network configuration protocol (NETCONF)}},
	HOWPUBLISHED  	= {Internet Requests for Comments},
	TYPE				= {{RFC}},
	NUMBER			= 6241,
	PAGES 			= {1-113},
	YEAR 				= {2011},
	MONTH 			= {6},
	ISSN 				= {2070-1721},
	INSTITUTION		= {IETF},   
	URL				= {http://www.rfc-editor.org/rfc/rfc6241.txt},
	shorthand = {RFC6241},
}

@techreport{rfc7047,
	AUTHOR 		 	= {Pfaff, Ben and Davie, Bruce},
	TITLE 		 	= {{The open vSwitch database management protocol}},
	HOWPUBLISHED  	= {Internet Requests for Comments},
	TYPE				= {{RFC}},
	NUMBER			= 7047,
	PAGES 			= {1-35},
	YEAR 				= {2013},
	MONTH 			= {12},
	ISSN 				= {2070-1721},
	INSTITUTION		= {IETF},
	URL				= {http://www.rfc-editor.org/rfc/rfc7047.txt},
	shorthand = {RFC7047},
}

@misc{sgxssl,
	author = {{Intel Corp.}},
	title = {{Intel SGX SSL}},
	howpublished = {\url{https://github.com/01org/intel-sgx-ssl}},
	urldate = {2017-07-20},
	note = {{Accessed 2017-07-20}}
}

@misc{snbi,
	author 	= {{OpenDaylight Community}},
	title 	= {{Secure Network Bootstrapping Infrastructure }},
	year 		= {2017},
	month		= {10},
	series 	= {OpenDaylight Documentation},
	howpublished 		= {\url{http://docs.opendaylight.org/en/stable-boron/user-guide/snbi-user-guide.html}},
	note 		= {[Online]}
}


@misc{trousers,
	author = {{IBM Corp.}},
	title = {{TrouSerS}: The open-source {TCG Software Stack}},
	howpublished = {\url{http://trousers.sourceforge.net/}},
	note = {Accessed 2018-04-13}
}

@misc{wolfSSL,
	author = {{WolfSSL}},
	title = {{wolfSSL with Intel SGX on Linux}},
	howpublished = {\url{https://www.wolfssl.com/wolfSSL/Blog/Entries/2017/6/14_wolfSSL_with_Intel_SGX_on_Linux.html}},
	urldate = {2017-07-20},
	note = {{Accessed 2017-07-20}}
}

@inbook{antikainen:2014,
	author				=	{Antikainen, Markku and Aura, Tuomas and S{\"a}rel{\"a}, Mikko},
	title				=	{{Spook in Your Network: Attacking an SDN with a Compromised OpenFlow Switch}},
	bookTitle			=	{Proc. 19th Nordic Conference on Secure IT Systems},
	series				=	{NordSec '14},
	location				=	{Troms{\o}, Norway},
	month				=	{10},
	year					=	{2014},
	publisher			=	{Springer},
	pages				=	{229--244},
	isbn					=	{978-3-319-11599-3},
}

@INPROCEEDINGS{arbettu:2016, 
	author={R. K. Arbettu and R. Khondoker and K. Bayarou and F. Weber}, 
	booktitle={2016 17th International Telecommunications Network Strategy and Planning Symposium (Networks)}, 
	title={{Security analysis of OpenDaylight, ONOS, Rosemary and Ryu SDN controllers}}, 
	year={2016}, 
	pages={37-44}, 
	month={9},
}

@TechReport{aublin:2017,
	title = {{TaLoS: Secure and Transparent TLS Termination inside SGX Enclaves}},
	author = {Aublin, Pierre-Louis and Kelbert, Florian and O'Keeffe, Dan and Muthukumaran, Divya and Priebe, Christian and Lind, Joshua and Krahn, Robert and Fetzer, Christof and others}, 
	year = 2017,
	month = {3},
	institution = {Imperial College London},
	number = {2017/5}
}

@inproceedings{ball:2014,
	author 			= {Ball, Thomas and Bj{\o}rner, Nikolaj and Gember, Aaron and Itzhaky, Shachar and Karbyshev, Aleksandr and Sagiv, Mooly and Schapira, Michael and Valadarsky, Asaf},
	title 			= {{VeriCon: Towards Verifying Controller Programs in Software-defined Networks}},
	booktitle 		= {Proc. 35th ACM SIGPLAN Conference on Programming Language Design and Implementation},
	series 			= {PLDI '14},
	month			= {6},
	year 			= {2014},
	isbn 			= {978-1-4503-2784-8},
	location 		= {Edinburgh, United Kingdom},
	pages 			= {282--293},
	numpages 		= {12},
	acmid 			= {2594317},
	publisher 		= {ACM},
}

@inproceedings{berde:2014,
	author 			=	{Berde, Pankaj and Gerola, Matteo and Hart, Jonathan and Higuchi, Yuta and Kobayashi, Masayoshi and Koide, Toshio and Lantz, Bob and O'Connor, Brian and Radoslavov, Pavlin and Snow, William and Parulkar, Guru},
	title 			= 	{{ONOS: Towards an Open, Distributed SDN OS}},
	booktitle 		= 	{Proc. 3rd Workshop on Hot Topics in Software Defined Networking},
	series 			= 	{HotSDN '14},
	month			=	{8},
	year 			= 	{2014},
	isbn 			= 	{978-1-4503-2989-7},
	location 		= 	{Chicago, Illinois, USA},
	pages 			= 	{1--6},
	numpages 		= 	{6},
	acmid 			= 	{2620744},
	publisher 		= 	{ACM},
}

@inproceedings{bifulco:2016,
	author 			= 	{Bifulco, Roberto and Boite, Julien and Bouet, Mathieu and Schneider, Fabian},
	title 			= 	{{Improving SDN with InSPired Switches}},
	booktitle 		= 	{Proc. Symposium on SDN Research},
	series 			= 	{SOSR '16},
	month			=	{3},
	year 			= 	{2016},
	isbn 			= 	{978-1-4503-4211-7},
	location 		= 	{Santa Clara, CA, USA},
	pages 			= 	{1--12},
	articleno 		= 	{11},
	numpages 		= 	{12},
	acmid 			= 	{2890962},
	publisher 		= 	{ACM},
}

@inproceedings{bleichenbacher:1998,
	author			=	"Bleichenbacher, Daniel",
	title			=	"Chosen ciphertext attacks against protocols based on the RSA encryption standard PKCS {\#}1",
	booktitle		=	{Proc. 18th Annual International Cryptology Conference},
	series			=	{CRYPTO'98},
	month			=	{8},
	year			=	{1998},
	publisher		=	{Springer Berlin Heidelberg},
	pages			=	{1--12},
}

@inproceedings{coughlin:2017,
	author 				= {Coughlin, Michael and Keller, Eric and Wustrow, Eric},
	title 				= {{Trusted Click: Overcoming Security Issues of NFV in the Cloud}},
	booktitle 			= {Proc. ACM International Workshop on Security in Software Defined Networks \& Network Function Virtualization},
	series 				= {SDN-NFVSec '17},
	month				= {3},
	year 				= {2017},
	isbn 				= {978-1-4503-4908-6},
	location 			= {Scottsdale, Arizona, USA},
	pages 				= {31--36},
	numpages 			= {6},
	publisher 			= {ACM},
}

@inproceedings{emmerich:2015,
	title={Moongen: A scriptable high-speed packet generator},
	author={Emmerich, Paul and Gallenm{\"u}ller, Sebastian and Raumer, Daniel and Wohlfart, Florian and Carle, Georg},
	booktitle = {Proceedings of the 2015 Internet Measurement Conference},
	series = {IMC '15},
	year = {2015},
	isbn = {978-1-4503-3848-6},
	location = {Tokyo, Japan},
	pages = {275--287},
	numpages = {13},
	acmid = {2815692},
	publisher = {ACM},
	address = {New York, NY, USA},
}

@techreport{etsinfv:2013,
  author 		= {{Group Specification}},
  title 			= {{Network Functions Virtualisation (NFV), Architectural Framework, v.1.1.1}},
  institution	= {European Telecommunications Standards Institute},
  month			= {10},
  year			= {2013},
  number			= {gs nfv 002},
}

@article{frigge:1989,
	ISSN = {00031305},
	URL = {http://www.jstor.org/stable/2685173},
	author = {Michael Frigge and David C. Hoaglin and Boris Iglewicz},
	journal = {The American Statistician},
	number = {1},
	pages = {50-54},
	publisher = {[American Statistical Association, Taylor & Francis, Ltd.]},
	title = {{Some Implementations of the Boxplot}},
	volume = {43},
	year = {1989}
}

@inproceedings{girtler:2017, 
	author		=	{Girtler, Daniel and Paladi, Nicolae}, 
	title		=	{{Component integrity guarantees in Software-Defined Networking infrastructure}}, 
	booktitle	=	{Proc. 2017 IEEE Conf. Network Function Virtualization and Software Defined Networks}, 
	series		=	{NFV-SDN'17},
	year			=	{2017}, 
	month		=	{11},
	location		=	{Berlin, Germany},
	pages		=	{292-296},
}

@inproceedings{hu:2014,
	author 			= {Hu, Hongxin and Han, Wonkyu and Ahn, Gail-Joon and Zhao, Ziming},
	title 			= {{FLOWGUARD: Building Robust Firewalls for Software-defined Networks}},
	booktitle 		= {Proc. 3rd Workshop on Hot Topics in Software Defined Networking},
	series 			= {HotSDN '14},
	month			= {8},
	year 			= {2014},
	isbn 			= {978-1-4503-2989-7},
	location 		= {Chicago, Illinois, USA},
	pages 			= {97--102},
	numpages 		= {6},
	acmid 			= {2620749},
	publisher 		= {ACM},
}

@techreport{itu-t:2016,
	author 		= {{Telecommunication Standardization Sector of ITU}},
	title 			= {{Security requirements and reference architecture for software-defined networking}},
	institution	= {International Telecommunications Union},
	month			= {10},
	year			= {2016},
	number			= {X.1038},
}

@inproceedings{jacquin:2015, 
	author		=	{L. Jacquin and A. L. Shaw and C. Dalton}, 
	title		=	{{Towards trusted software-defined networks using a hardware-based Integrity Measurement Architecture}}, 
	booktitle	=	{Proc. 1st IEEE Conf. Network Softwarization},
	series		=	{NetSoft'15},
	year		=	{2015}, 
	month		=	{4},
	pages={1-6}, 
}

@inproceedings{jain:2016,
	title        	= {{OpenSGX: An Open Platform for SGX Research}},
	author       	= {Prerit Jain and  Soham Desai and Seongmin Kim and  Ming-Wei Shih and  JaeHyuk Lee and  Changho Choi and Youjung Shin and Taesoo Kim and Brent Byunghoon Kang and Dongsu Han},
	booktitle		= {Proc. 2016 Network and Distributed System Security Symposium},
	series			= {NDSS '16},
	month			= {2},
	year			= {2016},
	publisher		= {Internet Society},
}

@inproceedings{kim:2015,
	author 				= {Kim, Seongmin and Shin, Youjung and Ha, Jaehyung and Kim, Taesoo and Han, Dongsu},
	title 				= {{A First Step Towards Leveraging Commodity Trusted Execution Environments for Network Applications}},
	booktitle 			= {Proc. 14th ACM Workshop on Hot Topics in Networks},
	series 				= {HotNets-XIV},
	month				= {11},
	year 				= {2015},
	isbn 				= {978-1-4503-4047-2},
	location 			= {Philadelphia, PA, USA},
	pages 				= {7:1--7:7},
	articleno 			= {7},
	numpages 			= {7},
	acmid 				= {2834100},
	publisher 			= {ACM},
}

@inproceedings {kim:2017,
	author 				= {Seongmin Kim and Juhyeng Han and Jaehyeong Ha and Taesoo Kim and Dongsu Han},
	title 				= {Enhancing Security and Privacy of Tor{\textquoteright}s Ecosystem by Using Trusted Execution Environments},
	booktitle 			= {14th USENIX Symposium on Networked Systems Design and Implementation},
	series				= {NSDI '17},
	year 				= {2017},
	isbn 				= {978-1-931971-37-9},
	pages 				= {145--161},
	publisher 			= {USENIX},
}

@inproceedings{kreutz:2013,
	author				=	{Kreutz, Diego and Ramos, Fernando and Verissimo, Paulo},
	title				=	{{Towards secure and dependable software-defined networks}},
	booktitle			=	{Proc. 2nd ACM SIGCOMM workshop on Hot topics in software defined networking},
	series				=	{HotSDN '13},
	pages				=	{55--60},
	month				=	{8},
	year				=	{2013},
	organization		=	{ACM},
}

@article{mckeown:2008,
	author 			=	{McKeown, Nick and Anderson, Tom and Balakrishnan, Hari and Parulkar, Guru and Peterson, Larry and Rexford, Jennifer and Shenker, Scott and Turner, Jonathan},
	title 			= 	{{OpenFlow: Enabling Innovation in Campus Networks}},
	journal 		= 	{ACM SIGCOMM Computer Communication Review},
	volume 			= 	{38},
	month 			= 	{4},
	year 			= 	{2008},
	pages 			= 	{69--74},
}

@article{morris:2000,
	title={The {Click} modular router},
	author={Morris, Robert and Kohler, Eddie and Jannotti, John and Kaashoek, M Frans},
	journal = {ACM Trans. Comput. Syst.},
	issue_date = {Aug. 2000},
	volume = {18},
	number = {3},
	month = {8},
	year = {2000},
	issn = {0734-2071},
	pages = {263--297},
	numpages = {35},
	acmid = {354874},
	publisher = {ACM},
	address = {New York, NY, USA},
	keywords = {component systems, routers, software router performance},
} 

@inproceedings{olsson:2005,
	author			=	{Olsson, Robert},
	title			=	{Pktgen the linux packet generator},
	booktitle		=	{Proc. Linux Symposium},
	month			=	{5},
	year			=	{2005},
	address		= 	{Ottawa, Canada},
	pages			=	{11--24},
}

@inproceedings{paladi:2015, 
	author			=	{Paladi, Nicolae}, 
	title			=	{{Towards Secure SDN Policy Management}}, 
	booktitle		=	{Proc. 8th International Conference on Utility and Cloud Computing}, 
	series			=	{UCC '15},
	year			=	{2015}, 
	pages			=	{607-611}, 
	doi			=	{10.1109/UCC.2015.106}, 
	month			= 	{12},  
}

@inproceedings{paladi:2015b, 
	author			=	{N. Paladi and C. Gehrmann}, 
	booktitle		=	{2015 IEEE Trustcom/BigDataSE/ISPA}, 
	title			=	{Towards Secure Multi-tenant Virtualized Networks}, 
	year={2015}, 
	volume={1}, 
	number={}, 
	pages={1180-1185}, 
	ISSN={}, 
	month={8},
}

@inproceedings{paladi:2016b,
	title			=	{{TruSDN: Bootstrapping Trust in Cloud Network Infrastructure}},
	author			=	{Paladi, Nicolae and Gehrmann, Christian},
	booktitle		=	{Proc. 12th International Conference on Security and Privacy in Communication Networks},
	year			=	{2016},
	pages			=	{104-124},
	series 		= 	{SecureComm'16},
	publisher		=	{Springer},
	location		=	{Guangzhou, China},
	month			=	{10},
}

@inproceedings{paladi:2017b,
	author 		= {Paladi, Nicolae and Karlsson, Linus},
	title 		= {{Safeguarding VNF Credentials with Intel SGX}},
	booktitle 	= {Proceedings of the SIGCOMM Posters and Demos},
	series 		= {SIGCOMM Posters and Demos '17},
	month		= {8},	
	year 		= {2017},
	pages 		= {144--146},
	publisher 	= {ACM},
}


@inproceedings{parno:2008,
	author 			= {Parno, Bryan},
	title 			= {{Bootstrapping Trust in a "Trusted" Platform}},
	booktitle 		= {Proc. 3rd Conference on Hot Topics in Security},
	series 			= {HOTSEC'08},
	month			= {7},
	year 			= {2008},
	location 		= {San Jose, CA},
	pages 			= {9:1--9:6},
	articleno 		= {9},
	numpages 		= {6},
	acmid 			= {1496680},
	publisher 		= {USENIX},
}

@misc{paladi:2017c,
	title 		= {{Trust but Verify: Trust Establishment Mechanisms in Infrastructure Clouds}},
	author 		= {Nicolae Paladi},
	note 		= {{PhD Thesis, Dept. of Electrical Engineering, Lund University}},
	year 		= {2017},
	month 		= {9},
	isbn 		= {978-91-7753-329-0},
	publisher 	= {The Department of Electrical and Information Technology},
	edition 		= {1},
	school 		= {Department of Electrical and Information Technology},
}

@inproceedings {pfaff:2015,
	author 		= {Ben Pfaff and Justin Pettit and Teemu Koponen and Ethan Jackson and Andy Zhou and Jarno Rajahalme and Jesse Gross and Alex Wang and Joe Stringer and Pravin Shelar and Keith Amidon and Martin Casado},
	title 		= {{The Design and Implementation of Open vSwitch}},
	booktitle 	= {Proc. 12th USENIX Symposium on Networked Systems Design and Implementation},
	series		= {NSDI '15},
	month		= {5},
	year 		= {2015},
	isbn 		= {978-1-931971-218},
	pages 		= {117--130},
	publisher 	= {USENIX},
}

@inproceedings{porras:2012,
	title			=	{{A security enforcement kernel for OpenFlow networks}},
	author			=	{Porras, Philip and Shin, Seungwon and Yegneswaran, Vinod and Fong, Martin and Tyson, Mabry and Gu, Guofei},
	booktitle		=	{Proc. 1st Workshop on Hot topics in software defined networks},
	series			=	{HotSDN 12},
	pages			=	{121--126},
	month			=	{8},
	year			=	{2012},
	organization	=	{ACM}
}

@article{scott:2015,
	title			=	{{A survey of security in software defined networks}},
	author			=	{Scott-Hayward, Sandra and Natarajan, Sriram and Sezer, Sakir},
	journal			=	{IEEE Comm. Surveys \& Tutorials},
	volume			=	{18},
	month			=	{7},
	year			=	{2015},
	pages			=	{623--654},
}

@inproceedings{sekar:2012,
	title={Design and implementation of a consolidated middlebox architecture},
	author={Sekar, Vyas and Egi, Norbert and Ratnasamy, Sylvia and Reiter, Michael K and Shi, Guangyu},
	booktitle={{Proceedings of the 9th USENIX conference on Networked Systems Design and Implementation}},
	pages={24--24},
	year={2012},
	organization={USENIX Association},
	acmid = {2228331},
}

@article{sherwood:2010,
	author 			= 	{Sherwood, Rob and Chan, Michael and Covington, Adam and Gibb, Glen and Flajslik, Mario and Handigol, Nikhil and Huang, Te-Yuan and Kazemian, Peyman and Kobayashi, Masayoshi and Naous, Jad and Seetharaman, Srinivasan and Underhill, David and Yabe, Tatsuya and Yap, Kok-Kiong and Yiakoumis, Yiannis and Zeng, Hongyi and Appenzeller, Guido and Johari, Ramesh and McKeown, Nick and Parulkar, Guru},
	title 			= 	{{Carving Research Slices out of Your Production Networks with OpenFlow}},
	journal 		= 	{ACM SIGCOMM Computer Communication Review},
	volume 			= 	{40},
	month 			= 	{1},
	year 			= 	{2010},
	pages 			= 	{129--130},
}

@inproceedings{shih:2016,
	author 				= {Shih, Ming-Wei and Kumar, Mohan and Kim, Taesoo and Gavrilovska, Ada},
	title 				= {{S-NFV: Securing NFV States by Using SGX}},
	booktitle 			= {Proc. 2016 ACM International Workshop on Security in Software Defined Networks \& Network Function Virtualization},
	series 				= {SDN-NFV Security '16},
	month				= {3},
	year 				= {2016},
	isbn 				= {978-1-4503-4078-6},
	location 			= {New Orleans, Louisiana, USA},
	pages 				= {45--48},
	numpages 			= {4},
	publisher 			= {ACM},
}

@inproceedings{shin:2013,
	author		= {Shin, Seungwon and Porras, Phillip A and Yegneswaran, Vinod and Fong, Martin W and Gu, Guofei and Tyson, Mabry},
	title		= {{FRESCO: Modular Composable Security Services for Software-Defined Networks}},
	booktitle	= {Proc. 20th Annual Network \& Distributed System Security Symposium},
	series		= {NDSS '13},
	month		= {2},
	year		= {2013},
	publisher	= {Internet Society}  
}

@inproceedings{thimmaraju:2017,
	author 			= {Thimmaraju, Kashyap and Shastry, Bhargava and Fiebig, Tobias and Hetzelt, Felicitas and Seifert, Jean-Pierre and Feldmann, Anja and Schmid, Stefan},
	title 			= {{The vAMP Attack: Taking Control of Cloud Systems via the Unified Packet Parser}},
	booktitle 		= {Proc. 2017 on Cloud Computing Security Workshop},
	series 			= {CCSW '17},
	year 			= {2017},
	isbn 			= {978-1-4503-5204-8},
	location 		= {Dallas, Texas, USA},
	pages 			= {11--15},
	numpages 		= {5},
	acmid 			= {3140651},
	publisher 		= {ACM},
	address 		= {New York, NY, USA},
}

@inproceedings{vaudenay:2002,
	author 			= {Vaudenay, Serge},
	title 			= {{Security Flaws Induced by CBC Padding - Applications to SSL, IPSEC, WTLS ...}},
	booktitle 		= {Proc. International Conference on the Theory and Applications of Cryptographic Techniques: Advances in Cryptology},
	series 			= {{EUROCRYPT '02}},
	year 			= {2002},
	pages 			= {534--546},
	numpages 		= {13},
	publisher 		= {Springer-Verlag},
	address 		= {London, UK, UK},
}

@article{xiao:2017,
	title			=	{Stacco: Differentially analyzing side-channel traces for detecting SSL/TLS vulnerabilities in secure enclaves},
	author			=	{Xiao, Yuan and Li, Mengyuan and Chen, Sanchuan and Zhang, Yinqian},
	journal		=	{arXiv preprint arXiv:1707.03473},
	year			=	{2017}
}

@book{zhu:2017,
	author         = {Zhu, Shao Ying and Scott-Hayward, Sandra and Jacquin, Ludovic and Hill, Richard},
	title          = {Guide to Security in SDN and NFV},
	year           = {2017},
	edition        = {1st},
	publisher      = {Springer},
	address        = {Heidelberg, Germany}
}
